%YAML 1.1
%TAG !u! tag:unity3d.com,2011:
--- !u!1 &1859335929864342490
GameObject:
  m_ObjectHideFlags: 0
  m_CorrespondingSourceObject: {fileID: 0}
  m_PrefabInstance: {fileID: 0}
  m_PrefabAsset: {fileID: 0}
  serializedVersion: 6
  m_Component:
  - component: {fileID: 9043767137255291606}
  - component: {fileID: 7731411507964087013}
  - component: {fileID: 3616517007741389524}
  m_Layer: 0
  m_Name: Cube
  m_TagString: Untagged
  m_Icon: {fileID: 0}
  m_NavMeshLayer: 0
  m_StaticEditorFlags: 0
  m_IsActive: 1
--- !u!4 &9043767137255291606
Transform:
  m_ObjectHideFlags: 0
  m_CorrespondingSourceObject: {fileID: 0}
  m_PrefabInstance: {fileID: 0}
  m_PrefabAsset: {fileID: 0}
  m_GameObject: {fileID: 1859335929864342490}
  m_LocalRotation: {x: 0, y: 0, z: 0, w: 1}
  m_LocalPosition: {x: 0, y: 0.5, z: 0}
  m_LocalScale: {x: 0.2, y: 1, z: 0.2}
  m_Children: []
  m_Father: {fileID: 4840159408008855257}
  m_RootOrder: 0
  m_LocalEulerAnglesHint: {x: 0, y: 0, z: 0}
--- !u!33 &7731411507964087013
MeshFilter:
  m_ObjectHideFlags: 0
  m_CorrespondingSourceObject: {fileID: 0}
  m_PrefabInstance: {fileID: 0}
  m_PrefabAsset: {fileID: 0}
  m_GameObject: {fileID: 1859335929864342490}
  m_Mesh: {fileID: 10202, guid: 0000000000000000e000000000000000, type: 0}
--- !u!23 &3616517007741389524
MeshRenderer:
  m_ObjectHideFlags: 0
  m_CorrespondingSourceObject: {fileID: 0}
  m_PrefabInstance: {fileID: 0}
  m_PrefabAsset: {fileID: 0}
  m_GameObject: {fileID: 1859335929864342490}
  m_Enabled: 1
  m_CastShadows: 1
  m_ReceiveShadows: 1
  m_DynamicOccludee: 1
  m_MotionVectors: 1
  m_LightProbeUsage: 1
  m_ReflectionProbeUsage: 1
  m_RayTracingMode: 2
  m_RayTraceProcedural: 0
  m_RenderingLayerMask: 1
  m_RendererPriority: 0
  m_Materials:
  - {fileID: 2100000, guid: bdfdffd1a95594d81beb563991a4cdeb, type: 2}
  m_StaticBatchInfo:
    firstSubMesh: 0
    subMeshCount: 0
  m_StaticBatchRoot: {fileID: 0}
  m_ProbeAnchor: {fileID: 0}
  m_LightProbeVolumeOverride: {fileID: 0}
  m_ScaleInLightmap: 1
  m_ReceiveGI: 1
  m_PreserveUVs: 0
  m_IgnoreNormalsForChartDetection: 0
  m_ImportantGI: 0
  m_StitchLightmapSeams: 1
  m_SelectedEditorRenderState: 3
  m_MinimumChartSize: 4
  m_AutoUVMaxDistance: 0.5
  m_AutoUVMaxAngle: 89
  m_LightmapParameters: {fileID: 0}
  m_SortingLayerID: 0
  m_SortingLayer: 0
  m_SortingOrder: 0
  m_AdditionalVertexStreams: {fileID: 0}
--- !u!1 &2344972940639250877
GameObject:
  m_ObjectHideFlags: 0
  m_CorrespondingSourceObject: {fileID: 0}
  m_PrefabInstance: {fileID: 0}
  m_PrefabAsset: {fileID: 0}
  serializedVersion: 6
  m_Component:
  - component: {fileID: 1798298194934899531}
  - component: {fileID: 5585080548491034726}
  - component: {fileID: 5242042315690955665}
  m_Layer: 0
  m_Name: Image
  m_TagString: Untagged
  m_Icon: {fileID: 0}
  m_NavMeshLayer: 0
  m_StaticEditorFlags: 0
  m_IsActive: 1
--- !u!224 &1798298194934899531
RectTransform:
  m_ObjectHideFlags: 0
  m_CorrespondingSourceObject: {fileID: 0}
  m_PrefabInstance: {fileID: 0}
  m_PrefabAsset: {fileID: 0}
  m_GameObject: {fileID: 2344972940639250877}
  m_LocalRotation: {x: 0, y: 0, z: 0, w: 1}
  m_LocalPosition: {x: 0, y: 0, z: 0}
  m_LocalScale: {x: 1, y: 1, z: 1}
  m_Children:
  - {fileID: 8175408533673470171}
  m_Father: {fileID: 1480097335399771759}
  m_RootOrder: 0
  m_LocalEulerAnglesHint: {x: 0, y: 0, z: 0}
  m_AnchorMin: {x: 0.5, y: 0.5}
  m_AnchorMax: {x: 0.5, y: 0.5}
  m_AnchoredPosition: {x: 0, y: -470}
  m_SizeDelta: {x: 400, y: 10}
  m_Pivot: {x: 0.5, y: 0.5}
--- !u!222 &5585080548491034726
CanvasRenderer:
  m_ObjectHideFlags: 0
  m_CorrespondingSourceObject: {fileID: 0}
  m_PrefabInstance: {fileID: 0}
  m_PrefabAsset: {fileID: 0}
  m_GameObject: {fileID: 2344972940639250877}
  m_CullTransparentMesh: 0
--- !u!114 &5242042315690955665
MonoBehaviour:
  m_ObjectHideFlags: 0
  m_CorrespondingSourceObject: {fileID: 0}
  m_PrefabInstance: {fileID: 0}
  m_PrefabAsset: {fileID: 0}
  m_GameObject: {fileID: 2344972940639250877}
  m_Enabled: 1
  m_EditorHideFlags: 0
  m_Script: {fileID: 11500000, guid: fe87c0e1cc204ed48ad3b37840f39efc, type: 3}
  m_Name: 
  m_EditorClassIdentifier: 
  m_Material: {fileID: 0}
  m_Color: {r: 1, g: 1, b: 1, a: 1}
  m_RaycastTarget: 1
  m_RaycastPadding: {x: 0, y: 0, z: 0, w: 0}
  m_Maskable: 1
  m_OnCullStateChanged:
    m_PersistentCalls:
      m_Calls: []
  m_Sprite: {fileID: 0}
  m_Type: 0
  m_PreserveAspect: 0
  m_FillCenter: 1
  m_FillMethod: 4
  m_FillAmount: 1
  m_FillClockwise: 1
  m_FillOrigin: 0
  m_UseSpriteMesh: 0
  m_PixelsPerUnitMultiplier: 1
--- !u!1 &2965822683357337145
GameObject:
  m_ObjectHideFlags: 0
  m_CorrespondingSourceObject: {fileID: 0}
  m_PrefabInstance: {fileID: 0}
  m_PrefabAsset: {fileID: 0}
  serializedVersion: 6
  m_Component:
  - component: {fileID: 752458650491491070}
  - component: {fileID: 1757907715878354662}
  - component: {fileID: 8503635279463895840}
  m_Layer: 0
  m_Name: Panel
  m_TagString: Untagged
  m_Icon: {fileID: 0}
  m_NavMeshLayer: 0
  m_StaticEditorFlags: 0
  m_IsActive: 1
--- !u!224 &752458650491491070
RectTransform:
  m_ObjectHideFlags: 0
  m_CorrespondingSourceObject: {fileID: 0}
  m_PrefabInstance: {fileID: 0}
  m_PrefabAsset: {fileID: 0}
  m_GameObject: {fileID: 2965822683357337145}
  m_LocalRotation: {x: 0, y: 0, z: 0, w: 1}
  m_LocalPosition: {x: 0, y: 0, z: 0}
  m_LocalScale: {x: 1, y: 1, z: 1}
  m_Children:
  - {fileID: 8961967769283805969}
  - {fileID: 8379814733411488044}
  m_Father: {fileID: 1480097335399771759}
  m_RootOrder: 1
  m_LocalEulerAnglesHint: {x: 0, y: 0, z: 0}
  m_AnchorMin: {x: 0.5, y: 0}
  m_AnchorMax: {x: 0.5, y: 0}
  m_AnchoredPosition: {x: 0, y: 60}
  m_SizeDelta: {x: 400, y: 80}
  m_Pivot: {x: 0.5, y: 0.5}
--- !u!114 &1757907715878354662
MonoBehaviour:
  m_ObjectHideFlags: 0
  m_CorrespondingSourceObject: {fileID: 0}
  m_PrefabInstance: {fileID: 0}
  m_PrefabAsset: {fileID: 0}
  m_GameObject: {fileID: 2965822683357337145}
  m_Enabled: 1
  m_EditorHideFlags: 0
  m_Script: {fileID: 11500000, guid: 3312d7739989d2b4e91e6319e9a96d76, type: 3}
  m_Name: 
  m_EditorClassIdentifier: 
  m_Padding: {x: 0, y: 0, z: 0, w: 0}
  m_Softness: {x: 0, y: 0}
--- !u!114 &8503635279463895840
MonoBehaviour:
  m_ObjectHideFlags: 0
  m_CorrespondingSourceObject: {fileID: 0}
  m_PrefabInstance: {fileID: 0}
  m_PrefabAsset: {fileID: 0}
  m_GameObject: {fileID: 2965822683357337145}
  m_Enabled: 1
  m_EditorHideFlags: 0
  m_Script: {fileID: 11500000, guid: a8e9821e098f24118bff6386cd6ffe42, type: 3}
  m_Name: 
  m_EditorClassIdentifier: 
  text: {fileID: 6189562126570839188}
  background: {fileID: 8961967769283805969}
--- !u!1 &3456483467770984756
GameObject:
  m_ObjectHideFlags: 0
  m_CorrespondingSourceObject: {fileID: 0}
  m_PrefabInstance: {fileID: 0}
  m_PrefabAsset: {fileID: 0}
  serializedVersion: 6
  m_Component:
  - component: {fileID: 3839816404048978629}
  - component: {fileID: 5675292783236040194}
  - component: {fileID: 7634976927785286207}
  m_Layer: 0
  m_Name: Audio Source
  m_TagString: Untagged
  m_Icon: {fileID: 0}
  m_NavMeshLayer: 0
  m_StaticEditorFlags: 0
  m_IsActive: 1
--- !u!4 &3839816404048978629
Transform:
  m_ObjectHideFlags: 0
  m_CorrespondingSourceObject: {fileID: 0}
  m_PrefabInstance: {fileID: 0}
  m_PrefabAsset: {fileID: 0}
  m_GameObject: {fileID: 3456483467770984756}
  m_LocalRotation: {x: 0, y: 0, z: 0, w: 1}
  m_LocalPosition: {x: 0, y: 0, z: 0}
  m_LocalScale: {x: 1, y: 1, z: 1}
  m_Children: []
  m_Father: {fileID: 6989620169925299840}
  m_RootOrder: 3
  m_LocalEulerAnglesHint: {x: 0, y: 0, z: 0}
--- !u!82 &5675292783236040194
AudioSource:
  m_ObjectHideFlags: 0
  m_CorrespondingSourceObject: {fileID: 0}
  m_PrefabInstance: {fileID: 0}
  m_PrefabAsset: {fileID: 0}
  m_GameObject: {fileID: 3456483467770984756}
  m_Enabled: 1
  serializedVersion: 4
  OutputAudioMixerGroup: {fileID: 0}
  m_audioClip: {fileID: 0}
  m_PlayOnAwake: 1
  m_Volume: 1
  m_Pitch: 1
  Loop: 0
  Mute: 0
  Spatialize: 0
  SpatializePostEffects: 0
  Priority: 128
  DopplerLevel: 1
  MinDistance: 1
  MaxDistance: 500
  Pan2D: 0
  rolloffMode: 0
  BypassEffects: 0
  BypassListenerEffects: 0
  BypassReverbZones: 0
  rolloffCustomCurve:
    serializedVersion: 2
    m_Curve:
    - serializedVersion: 3
      time: 0
      value: 1
      inSlope: 0
      outSlope: 0
      tangentMode: 0
      weightedMode: 0
      inWeight: 0.33333334
      outWeight: 0.33333334
    - serializedVersion: 3
      time: 1
      value: 0
      inSlope: 0
      outSlope: 0
      tangentMode: 0
      weightedMode: 0
      inWeight: 0.33333334
      outWeight: 0.33333334
    m_PreInfinity: 2
    m_PostInfinity: 2
    m_RotationOrder: 4
  panLevelCustomCurve:
    serializedVersion: 2
    m_Curve:
    - serializedVersion: 3
      time: 0
      value: 0.526
      inSlope: 0
      outSlope: 0
      tangentMode: 0
      weightedMode: 0
      inWeight: 0.33333334
      outWeight: 0.33333334
    m_PreInfinity: 2
    m_PostInfinity: 2
    m_RotationOrder: 4
  spreadCustomCurve:
    serializedVersion: 2
    m_Curve:
    - serializedVersion: 3
      time: 0
      value: 0
      inSlope: 0
      outSlope: 0
      tangentMode: 0
      weightedMode: 0
      inWeight: 0.33333334
      outWeight: 0.33333334
    m_PreInfinity: 2
    m_PostInfinity: 2
    m_RotationOrder: 4
  reverbZoneMixCustomCurve:
    serializedVersion: 2
    m_Curve:
    - serializedVersion: 3
      time: 0
      value: 1
      inSlope: 0
      outSlope: 0
      tangentMode: 0
      weightedMode: 0
      inWeight: 0.33333334
      outWeight: 0.33333334
    m_PreInfinity: 2
    m_PostInfinity: 2
    m_RotationOrder: 4
--- !u!114 &7634976927785286207
MonoBehaviour:
  m_ObjectHideFlags: 0
  m_CorrespondingSourceObject: {fileID: 0}
  m_PrefabInstance: {fileID: 0}
  m_PrefabAsset: {fileID: 0}
  m_GameObject: {fileID: 3456483467770984756}
  m_Enabled: 1
  m_EditorHideFlags: 0
  m_Script: {fileID: 11500000, guid: e7bde76163914886a67f6b65eeb8ed41, type: 3}
  m_Name: 
  m_EditorClassIdentifier: 
  se: {fileID: 11400000, guid: 3f5b98eb965c34e288d57faff242ed2e, type: 2}
--- !u!1 &3459947935187681670
GameObject:
  m_ObjectHideFlags: 0
  m_CorrespondingSourceObject: {fileID: 0}
  m_PrefabInstance: {fileID: 0}
  m_PrefabAsset: {fileID: 0}
  serializedVersion: 6
  m_Component:
  - component: {fileID: 8175408533673470171}
  - component: {fileID: 1655911612167205118}
  - component: {fileID: 2926429973138897526}
  m_Layer: 0
  m_Name: Text (TMP)
  m_TagString: Untagged
  m_Icon: {fileID: 0}
  m_NavMeshLayer: 0
  m_StaticEditorFlags: 0
  m_IsActive: 1
--- !u!224 &8175408533673470171
RectTransform:
  m_ObjectHideFlags: 0
  m_CorrespondingSourceObject: {fileID: 0}
  m_PrefabInstance: {fileID: 0}
  m_PrefabAsset: {fileID: 0}
  m_GameObject: {fileID: 3459947935187681670}
  m_LocalRotation: {x: 0, y: 0, z: 0, w: 1}
  m_LocalPosition: {x: 0, y: 0, z: 0}
  m_LocalScale: {x: 1, y: 1, z: 1}
  m_Children: []
  m_Father: {fileID: 1798298194934899531}
  m_RootOrder: 0
  m_LocalEulerAnglesHint: {x: 0, y: 0, z: 0}
  m_AnchorMin: {x: 0.5, y: 0.5}
  m_AnchorMax: {x: 0.5, y: 0.5}
  m_AnchoredPosition: {x: 0, y: 30}
  m_SizeDelta: {x: 200, y: 50}
  m_Pivot: {x: 0.5, y: 0.5}
--- !u!222 &1655911612167205118
CanvasRenderer:
  m_ObjectHideFlags: 0
  m_CorrespondingSourceObject: {fileID: 0}
  m_PrefabInstance: {fileID: 0}
  m_PrefabAsset: {fileID: 0}
  m_GameObject: {fileID: 3459947935187681670}
  m_CullTransparentMesh: 0
--- !u!114 &2926429973138897526
MonoBehaviour:
  m_ObjectHideFlags: 0
  m_CorrespondingSourceObject: {fileID: 0}
  m_PrefabInstance: {fileID: 0}
  m_PrefabAsset: {fileID: 0}
  m_GameObject: {fileID: 3459947935187681670}
  m_Enabled: 1
  m_EditorHideFlags: 0
  m_Script: {fileID: 11500000, guid: f4688fdb7df04437aeb418b961361dc5, type: 3}
  m_Name: 
  m_EditorClassIdentifier: 
  m_Material: {fileID: 0}
  m_Color: {r: 1, g: 1, b: 1, a: 1}
  m_RaycastTarget: 1
  m_RaycastPadding: {x: 0, y: 0, z: 0, w: 0}
  m_Maskable: 1
  m_OnCullStateChanged:
    m_PersistentCalls:
      m_Calls: []
  m_text: Player
  m_isRightToLeft: 0
  m_fontAsset: {fileID: 11400000, guid: 8f586378b4e144a9851e7b34d9b748ee, type: 2}
  m_sharedMaterial: {fileID: 2180264, guid: 8f586378b4e144a9851e7b34d9b748ee, type: 2}
  m_fontSharedMaterials: []
  m_fontMaterial: {fileID: 0}
  m_fontMaterials: []
  m_fontColor32:
    serializedVersion: 2
    rgba: 4294967295
  m_fontColor: {r: 1, g: 1, b: 1, a: 1}
  m_enableVertexGradient: 0
  m_colorMode: 3
  m_fontColorGradient:
    topLeft: {r: 1, g: 1, b: 1, a: 1}
    topRight: {r: 1, g: 1, b: 1, a: 1}
    bottomLeft: {r: 1, g: 1, b: 1, a: 1}
    bottomRight: {r: 1, g: 1, b: 1, a: 1}
  m_fontColorGradientPreset: {fileID: 0}
  m_spriteAsset: {fileID: 0}
  m_tintAllSprites: 0
  m_StyleSheet: {fileID: 0}
  m_TextStyleHashCode: -1183493901
  m_overrideHtmlColors: 0
  m_faceColor:
    serializedVersion: 2
    rgba: 4294967295
  m_fontSize: 36
  m_fontSizeBase: 36
  m_fontWeight: 400
  m_enableAutoSizing: 0
  m_fontSizeMin: 18
  m_fontSizeMax: 72
  m_fontStyle: 0
  m_HorizontalAlignment: 2
  m_VerticalAlignment: 512
  m_textAlignment: 65535
  m_characterSpacing: 0
  m_wordSpacing: 0
  m_lineSpacing: 0
  m_lineSpacingMax: 0
  m_paragraphSpacing: 0
  m_charWidthMaxAdj: 0
  m_enableWordWrapping: 1
  m_wordWrappingRatios: 0.4
  m_overflowMode: 0
  m_linkedTextComponent: {fileID: 0}
  parentLinkedComponent: {fileID: 0}
  m_enableKerning: 1
  m_enableExtraPadding: 0
  checkPaddingRequired: 0
  m_isRichText: 1
  m_parseCtrlCharacters: 1
  m_isOrthographic: 1
  m_isCullingEnabled: 0
  m_horizontalMapping: 0
  m_verticalMapping: 0
  m_uvLineOffset: 0
  m_geometrySortingOrder: 0
  m_IsTextObjectScaleStatic: 0
  m_VertexBufferAutoSizeReduction: 1
  m_useMaxVisibleDescender: 1
  m_pageToDisplay: 1
  m_margin: {x: 0, y: 0, z: 0, w: 0}
  m_isUsingLegacyAnimationComponent: 0
  m_isVolumetricText: 0
  m_hasFontAssetChanged: 0
  m_baseMaterial: {fileID: 0}
  m_maskOffset: {x: 0, y: 0, z: 0, w: 0}
--- !u!1 &3744195601948077264
GameObject:
  m_ObjectHideFlags: 0
  m_CorrespondingSourceObject: {fileID: 0}
  m_PrefabInstance: {fileID: 0}
  m_PrefabAsset: {fileID: 0}
  serializedVersion: 6
  m_Component:
  - component: {fileID: 4840159408008855257}
  - component: {fileID: 2929062013600501326}
  m_Layer: 0
  m_Name: Damage Bar
  m_TagString: Untagged
  m_Icon: {fileID: 0}
  m_NavMeshLayer: 0
  m_StaticEditorFlags: 0
  m_IsActive: 1
--- !u!4 &4840159408008855257
Transform:
  m_ObjectHideFlags: 0
  m_CorrespondingSourceObject: {fileID: 0}
  m_PrefabInstance: {fileID: 0}
  m_PrefabAsset: {fileID: 0}
  m_GameObject: {fileID: 3744195601948077264}
  m_LocalRotation: {x: -0, y: -0, z: -0, w: 1}
  m_LocalPosition: {x: 5.2, y: -10, z: 0.5}
  m_LocalScale: {x: 1, y: 2, z: 1}
  m_Children:
  - {fileID: 9043767137255291606}
  m_Father: {fileID: 6989620171257734102}
  m_RootOrder: 3
  m_LocalEulerAnglesHint: {x: 0, y: 0, z: 0}
--- !u!114 &2929062013600501326
MonoBehaviour:
  m_ObjectHideFlags: 0
  m_CorrespondingSourceObject: {fileID: 0}
  m_PrefabInstance: {fileID: 0}
  m_PrefabAsset: {fileID: 0}
  m_GameObject: {fileID: 3744195601948077264}
  m_Enabled: 1
  m_EditorHideFlags: 0
  m_Script: {fileID: 11500000, guid: 07fe4ba4038045c581f8434349c59ef0, type: 3}
  m_Name: 
  m_EditorClassIdentifier: 
--- !u!1 &4653695850477198183
GameObject:
  m_ObjectHideFlags: 0
  m_CorrespondingSourceObject: {fileID: 0}
  m_PrefabInstance: {fileID: 0}
  m_PrefabAsset: {fileID: 0}
  serializedVersion: 6
  m_Component:
  - component: {fileID: 8379814733411488044}
  - component: {fileID: 9048300070866949135}
  - component: {fileID: 6189562126570839188}
  m_Layer: 0
  m_Name: Text (TMP)
  m_TagString: Untagged
  m_Icon: {fileID: 0}
  m_NavMeshLayer: 0
  m_StaticEditorFlags: 0
  m_IsActive: 1
--- !u!224 &8379814733411488044
RectTransform:
  m_ObjectHideFlags: 0
  m_CorrespondingSourceObject: {fileID: 0}
  m_PrefabInstance: {fileID: 0}
  m_PrefabAsset: {fileID: 0}
  m_GameObject: {fileID: 4653695850477198183}
  m_LocalRotation: {x: 0, y: 0, z: 0, w: 1}
  m_LocalPosition: {x: 0, y: 0, z: 0}
  m_LocalScale: {x: 1, y: 1, z: 1}
  m_Children: []
  m_Father: {fileID: 752458650491491070}
  m_RootOrder: 1
  m_LocalEulerAnglesHint: {x: 0, y: 0, z: 0}
  m_AnchorMin: {x: 0.5, y: 0.5}
  m_AnchorMax: {x: 0.5, y: 0.5}
  m_AnchoredPosition: {x: 0, y: -80}
  m_SizeDelta: {x: 400, y: 50}
  m_Pivot: {x: 0.5, y: 0.5}
--- !u!222 &9048300070866949135
CanvasRenderer:
  m_ObjectHideFlags: 0
  m_CorrespondingSourceObject: {fileID: 0}
  m_PrefabInstance: {fileID: 0}
  m_PrefabAsset: {fileID: 0}
  m_GameObject: {fileID: 4653695850477198183}
  m_CullTransparentMesh: 0
--- !u!114 &6189562126570839188
MonoBehaviour:
  m_ObjectHideFlags: 0
  m_CorrespondingSourceObject: {fileID: 0}
  m_PrefabInstance: {fileID: 0}
  m_PrefabAsset: {fileID: 0}
  m_GameObject: {fileID: 4653695850477198183}
  m_Enabled: 1
  m_EditorHideFlags: 0
  m_Script: {fileID: 11500000, guid: f4688fdb7df04437aeb418b961361dc5, type: 3}
  m_Name: 
  m_EditorClassIdentifier: 
  m_Material: {fileID: 0}
  m_Color: {r: 1, g: 1, b: 1, a: 1}
  m_RaycastTarget: 1
  m_RaycastPadding: {x: 0, y: 0, z: 0, w: 0}
  m_Maskable: 1
  m_OnCullStateChanged:
    m_PersistentCalls:
      m_Calls: []
  m_text: T-Spin Double
  m_isRightToLeft: 0
  m_fontAsset: {fileID: 11400000, guid: 8f586378b4e144a9851e7b34d9b748ee, type: 2}
  m_sharedMaterial: {fileID: 2180264, guid: 8f586378b4e144a9851e7b34d9b748ee, type: 2}
  m_fontSharedMaterials: []
  m_fontMaterial: {fileID: 0}
  m_fontMaterials: []
  m_fontColor32:
    serializedVersion: 2
    rgba: 4294967295
  m_fontColor: {r: 1, g: 1, b: 1, a: 1}
  m_enableVertexGradient: 0
  m_colorMode: 3
  m_fontColorGradient:
    topLeft: {r: 1, g: 1, b: 1, a: 1}
    topRight: {r: 1, g: 1, b: 1, a: 1}
    bottomLeft: {r: 1, g: 1, b: 1, a: 1}
    bottomRight: {r: 1, g: 1, b: 1, a: 1}
  m_fontColorGradientPreset: {fileID: 0}
  m_spriteAsset: {fileID: 0}
  m_tintAllSprites: 0
  m_StyleSheet: {fileID: 0}
  m_TextStyleHashCode: -1183493901
  m_overrideHtmlColors: 0
  m_faceColor:
    serializedVersion: 2
    rgba: 4294967295
  m_fontSize: 36
  m_fontSizeBase: 36
  m_fontWeight: 400
  m_enableAutoSizing: 0
  m_fontSizeMin: 18
  m_fontSizeMax: 72
  m_fontStyle: 1
  m_HorizontalAlignment: 2
  m_VerticalAlignment: 512
  m_textAlignment: 65535
  m_characterSpacing: 0
  m_wordSpacing: 0
  m_lineSpacing: 0
  m_lineSpacingMax: 0
  m_paragraphSpacing: 0
  m_charWidthMaxAdj: 0
  m_enableWordWrapping: 1
  m_wordWrappingRatios: 0.4
  m_overflowMode: 0
  m_linkedTextComponent: {fileID: 0}
  parentLinkedComponent: {fileID: 0}
  m_enableKerning: 1
  m_enableExtraPadding: 0
  checkPaddingRequired: 0
  m_isRichText: 1
  m_parseCtrlCharacters: 1
  m_isOrthographic: 1
  m_isCullingEnabled: 0
  m_horizontalMapping: 0
  m_verticalMapping: 0
  m_uvLineOffset: 0
  m_geometrySortingOrder: 0
  m_IsTextObjectScaleStatic: 0
  m_VertexBufferAutoSizeReduction: 1
  m_useMaxVisibleDescender: 1
  m_pageToDisplay: 1
  m_margin: {x: 0, y: 0, z: 0, w: 0}
  m_isUsingLegacyAnimationComponent: 0
  m_isVolumetricText: 0
  m_hasFontAssetChanged: 0
  m_baseMaterial: {fileID: 0}
  m_maskOffset: {x: 0, y: 0, z: 0, w: 0}
--- !u!1 &5231314084548931628
GameObject:
  m_ObjectHideFlags: 0
  m_CorrespondingSourceObject: {fileID: 0}
  m_PrefabInstance: {fileID: 0}
  m_PrefabAsset: {fileID: 0}
  serializedVersion: 6
  m_Component:
  - component: {fileID: 2023895855556451351}
  - component: {fileID: 8075364540740595135}
  - component: {fileID: 8048313777097048823}
  m_Layer: 0
  m_Name: Info
  m_TagString: Untagged
  m_Icon: {fileID: 0}
  m_NavMeshLayer: 0
  m_StaticEditorFlags: 0
  m_IsActive: 1
--- !u!224 &2023895855556451351
RectTransform:
  m_ObjectHideFlags: 0
  m_CorrespondingSourceObject: {fileID: 0}
  m_PrefabInstance: {fileID: 0}
  m_PrefabAsset: {fileID: 0}
  m_GameObject: {fileID: 5231314084548931628}
  m_LocalRotation: {x: 0, y: 0, z: 0, w: 1}
  m_LocalPosition: {x: 0, y: 0, z: 0}
  m_LocalScale: {x: 1, y: 1, z: 1}
  m_Children:
  - {fileID: 6401347382298416402}
  - {fileID: 8363843031754069211}
  - {fileID: 1660164448493478385}
  m_Father: {fileID: 1480097335399771759}
  m_RootOrder: 2
  m_LocalEulerAnglesHint: {x: 0, y: 0, z: 0}
  m_AnchorMin: {x: 0.5, y: 0.5}
  m_AnchorMax: {x: 0.5, y: 0.5}
  m_AnchoredPosition: {x: -300, y: 0}
  m_SizeDelta: {x: 180, y: 600}
  m_Pivot: {x: 0.5, y: 0.5}
--- !u!114 &8075364540740595135
MonoBehaviour:
  m_ObjectHideFlags: 0
  m_CorrespondingSourceObject: {fileID: 0}
  m_PrefabInstance: {fileID: 0}
  m_PrefabAsset: {fileID: 0}
  m_GameObject: {fileID: 5231314084548931628}
  m_Enabled: 1
  m_EditorHideFlags: 0
  m_Script: {fileID: 11500000, guid: 59f8146938fff824cb5fd77236b75775, type: 3}
  m_Name: 
  m_EditorClassIdentifier: 
  m_Padding:
    m_Left: 0
    m_Right: 0
    m_Top: 0
    m_Bottom: 0
  m_ChildAlignment: 0
  m_Spacing: 0
  m_ChildForceExpandWidth: 1
  m_ChildForceExpandHeight: 0
  m_ChildControlWidth: 1
  m_ChildControlHeight: 0
  m_ChildScaleWidth: 0
  m_ChildScaleHeight: 0
  m_ReverseArrangement: 0
--- !u!114 &8048313777097048823
MonoBehaviour:
  m_ObjectHideFlags: 0
  m_CorrespondingSourceObject: {fileID: 0}
  m_PrefabInstance: {fileID: 0}
  m_PrefabAsset: {fileID: 0}
  m_GameObject: {fileID: 5231314084548931628}
  m_Enabled: 1
  m_EditorHideFlags: 0
  m_Script: {fileID: 11500000, guid: cb60789aef0e4279a19bd56d11dc0061, type: 3}
  m_Name: 
  m_EditorClassIdentifier: 
  apm: {fileID: 2029225285944920984}
  lpm: {fileID: 3525527747657534033}
  pps: {fileID: 6049865812571160443}
--- !u!1 &6989620169925299847
GameObject:
  m_ObjectHideFlags: 0
  m_CorrespondingSourceObject: {fileID: 0}
  m_PrefabInstance: {fileID: 0}
  m_PrefabAsset: {fileID: 0}
  serializedVersion: 6
  m_Component:
  - component: {fileID: 6989620169925299840}
  - component: {fileID: 6989620169925299841}
  m_Layer: 0
  m_Name: Game Field
  m_TagString: Untagged
  m_Icon: {fileID: 0}
  m_NavMeshLayer: 0
  m_StaticEditorFlags: 0
  m_IsActive: 1
--- !u!4 &6989620169925299840
Transform:
  m_ObjectHideFlags: 0
  m_CorrespondingSourceObject: {fileID: 0}
  m_PrefabInstance: {fileID: 0}
  m_PrefabAsset: {fileID: 0}
  m_GameObject: {fileID: 6989620169925299847}
  m_LocalRotation: {x: 0, y: 0, z: 0, w: 1}
  m_LocalPosition: {x: 0, y: 0, z: 0}
  m_LocalScale: {x: 1, y: 1, z: 1}
  m_Children:
  - {fileID: 6989620171257734102}
  - {fileID: 6989620170182076292}
  - {fileID: 6207851809414997040}
  - {fileID: 3839816404048978629}
  m_Father: {fileID: 0}
  m_RootOrder: 0
  m_LocalEulerAnglesHint: {x: 0, y: 0, z: 0}
--- !u!114 &6989620169925299841
MonoBehaviour:
  m_ObjectHideFlags: 0
  m_CorrespondingSourceObject: {fileID: 0}
  m_PrefabInstance: {fileID: 0}
  m_PrefabAsset: {fileID: 0}
  m_GameObject: {fileID: 6989620169925299847}
  m_Enabled: 1
  m_EditorHideFlags: 0
  m_Script: {fileID: 11500000, guid: f87f5d973876d48899c73f4987fee544, type: 3}
  m_Name: 
  m_EditorClassIdentifier: 
  index: 0
  fieldOrigin: {fileID: 6989620170371662080}
  queue:
  - {fileID: 4535746673467156721}
  - {fileID: 2588427696338622136}
  - {fileID: 184866269758684037}
  - {fileID: 7290365551510135658}
  - {fileID: 4246673853625162545}
  holdPiece: {fileID: 6207851809414997047}
  controllingPiece: {fileID: 1031488943328961894}
  ghostPiece: {fileID: 1525982211741243124}
  damageBar: {fileID: 2929062013600501326}
  playerNameText: {fileID: 2926429973138897526}
  cellPrefab: {fileID: 8612152540697023123, guid: aa57a30b8166c4ec3a2e1b616fcd2a27,
    type: 3}
  lineClearEffect: {fileID: 619066703059805121, guid: 3d403b3ecadf84b878d2becab61ddcd9,
    type: 3}
  attackSummary: {fileID: 8503635279463895840}
  soundPlayer: {fileID: 7634976927785286207}
  renVisionPrefab: {fileID: 7868830551509119875, guid: d3b008a07c87841138cc2f38ccf3bf8a,
    type: 3}
  b2bVisionPrefab: {fileID: -1613509255330576690, guid: d647254547eb44b06af537000b87fcd1,
    type: 3}
  allClearVisionPrefab: {fileID: 4718732094771985929, guid: 4c325f8f69b1341189c9df64477a23d9,
    type: 3}
  showGhost: 1
  playerName: 
  playerKind: 0
--- !u!1 &6989620170182076347
GameObject:
  m_ObjectHideFlags: 0
  m_CorrespondingSourceObject: {fileID: 0}
  m_PrefabInstance: {fileID: 0}
  m_PrefabAsset: {fileID: 0}
  serializedVersion: 6
  m_Component:
  - component: {fileID: 6989620170182076292}
  m_Layer: 0
  m_Name: Queue
  m_TagString: Untagged
  m_Icon: {fileID: 0}
  m_NavMeshLayer: 0
  m_StaticEditorFlags: 0
  m_IsActive: 1
--- !u!4 &6989620170182076292
Transform:
  m_ObjectHideFlags: 0
  m_CorrespondingSourceObject: {fileID: 0}
  m_PrefabInstance: {fileID: 0}
  m_PrefabAsset: {fileID: 0}
  m_GameObject: {fileID: 6989620170182076347}
  m_LocalRotation: {x: 0, y: 0, z: 0, w: 1}
  m_LocalPosition: {x: 5.5, y: 7, z: 1}
  m_LocalScale: {x: 0.8, y: 0.8, z: 0.8}
  m_Children:
  - {fileID: 4535746673467156726}
  - {fileID: 2588427696338622143}
  - {fileID: 184866269758684034}
  - {fileID: 7290365551510135661}
  - {fileID: 4246673853625162550}
  m_Father: {fileID: 6989620169925299840}
  m_RootOrder: 1
  m_LocalEulerAnglesHint: {x: 0, y: 0, z: 0}
--- !u!1 &6989620170371662087
GameObject:
  m_ObjectHideFlags: 0
  m_CorrespondingSourceObject: {fileID: 0}
  m_PrefabInstance: {fileID: 0}
  m_PrefabAsset: {fileID: 0}
  serializedVersion: 6
  m_Component:
  - component: {fileID: 6989620170371662080}
  m_Layer: 0
  m_Name: Origin (X,Y)=(0,0)
  m_TagString: Untagged
  m_Icon: {fileID: 0}
  m_NavMeshLayer: 0
  m_StaticEditorFlags: 0
  m_IsActive: 1
--- !u!4 &6989620170371662080
Transform:
  m_ObjectHideFlags: 0
  m_CorrespondingSourceObject: {fileID: 0}
  m_PrefabInstance: {fileID: 0}
  m_PrefabAsset: {fileID: 0}
  m_GameObject: {fileID: 6989620170371662087}
  m_LocalRotation: {x: 0, y: 0, z: 0, w: 1}
  m_LocalPosition: {x: -4.5, y: -9.5, z: 0}
  m_LocalScale: {x: 1, y: 1, z: 1}
  m_Children:
  - {fileID: 1031488943328961889}
  - {fileID: 1525982211741243123}
  m_Father: {fileID: 6989620171257734102}
  m_RootOrder: 1
  m_LocalEulerAnglesHint: {x: 0, y: 0, z: 0}
--- !u!1 &6989620170448954088
GameObject:
  m_ObjectHideFlags: 0
  m_CorrespondingSourceObject: {fileID: 0}
  m_PrefabInstance: {fileID: 0}
  m_PrefabAsset: {fileID: 0}
  serializedVersion: 6
  m_Component:
  - component: {fileID: 6989620170448954089}
  - component: {fileID: 6989620170448954100}
  - component: {fileID: 6989620170448954091}
  m_Layer: 0
  m_Name: BG
  m_TagString: Untagged
  m_Icon: {fileID: 0}
  m_NavMeshLayer: 0
  m_StaticEditorFlags: 0
  m_IsActive: 1
--- !u!4 &6989620170448954089
Transform:
  m_ObjectHideFlags: 0
  m_CorrespondingSourceObject: {fileID: 0}
  m_PrefabInstance: {fileID: 0}
  m_PrefabAsset: {fileID: 0}
  m_GameObject: {fileID: 6989620170448954088}
  m_LocalRotation: {x: 0, y: 0, z: 0, w: 1}
  m_LocalPosition: {x: 0, y: 0, z: 1}
  m_LocalScale: {x: 10, y: 20, z: 1}
  m_Children: []
  m_Father: {fileID: 6989620171257734102}
  m_RootOrder: 0
  m_LocalEulerAnglesHint: {x: 0, y: 0, z: 0}
--- !u!33 &6989620170448954100
MeshFilter:
  m_ObjectHideFlags: 0
  m_CorrespondingSourceObject: {fileID: 0}
  m_PrefabInstance: {fileID: 0}
  m_PrefabAsset: {fileID: 0}
  m_GameObject: {fileID: 6989620170448954088}
  m_Mesh: {fileID: 10202, guid: 0000000000000000e000000000000000, type: 0}
--- !u!23 &6989620170448954091
MeshRenderer:
  m_ObjectHideFlags: 0
  m_CorrespondingSourceObject: {fileID: 0}
  m_PrefabInstance: {fileID: 0}
  m_PrefabAsset: {fileID: 0}
  m_GameObject: {fileID: 6989620170448954088}
  m_Enabled: 1
  m_CastShadows: 1
  m_ReceiveShadows: 1
  m_DynamicOccludee: 1
  m_MotionVectors: 1
  m_LightProbeUsage: 1
  m_ReflectionProbeUsage: 1
  m_RayTracingMode: 2
  m_RayTraceProcedural: 0
  m_RenderingLayerMask: 1
  m_RendererPriority: 0
  m_Materials:
  - {fileID: 2100000, guid: 5a97dc89eb2764a2ea5aea66d8fbde96, type: 2}
  m_StaticBatchInfo:
    firstSubMesh: 0
    subMeshCount: 0
  m_StaticBatchRoot: {fileID: 0}
  m_ProbeAnchor: {fileID: 0}
  m_LightProbeVolumeOverride: {fileID: 0}
  m_ScaleInLightmap: 1
  m_ReceiveGI: 1
  m_PreserveUVs: 0
  m_IgnoreNormalsForChartDetection: 0
  m_ImportantGI: 0
  m_StitchLightmapSeams: 1
  m_SelectedEditorRenderState: 3
  m_MinimumChartSize: 4
  m_AutoUVMaxDistance: 0.5
  m_AutoUVMaxAngle: 89
  m_LightmapParameters: {fileID: 0}
  m_SortingLayerID: 0
  m_SortingLayer: 0
  m_SortingOrder: 0
  m_AdditionalVertexStreams: {fileID: 0}
--- !u!1 &6989620171257734101
GameObject:
  m_ObjectHideFlags: 0
  m_CorrespondingSourceObject: {fileID: 0}
  m_PrefabInstance: {fileID: 0}
  m_PrefabAsset: {fileID: 0}
  serializedVersion: 6
  m_Component:
  - component: {fileID: 6989620171257734102}
  m_Layer: 0
  m_Name: Grid
  m_TagString: Untagged
  m_Icon: {fileID: 0}
  m_NavMeshLayer: 0
  m_StaticEditorFlags: 0
  m_IsActive: 1
--- !u!4 &6989620171257734102
Transform:
  m_ObjectHideFlags: 0
  m_CorrespondingSourceObject: {fileID: 0}
  m_PrefabInstance: {fileID: 0}
  m_PrefabAsset: {fileID: 0}
  m_GameObject: {fileID: 6989620171257734101}
  m_LocalRotation: {x: 0, y: 0, z: 0, w: 1}
  m_LocalPosition: {x: -1, y: 0, z: 0}
  m_LocalScale: {x: 1, y: 1, z: 1}
  m_Children:
  - {fileID: 6989620170448954089}
  - {fileID: 6989620170371662080}
  - {fileID: 1480097335399771759}
  - {fileID: 4840159408008855257}
  m_Father: {fileID: 6989620169925299840}
  m_RootOrder: 0
  m_LocalEulerAnglesHint: {x: 0, y: 0, z: 0}
--- !u!1 &7254901691317989763
GameObject:
  m_ObjectHideFlags: 0
  m_CorrespondingSourceObject: {fileID: 0}
  m_PrefabInstance: {fileID: 0}
  m_PrefabAsset: {fileID: 0}
  serializedVersion: 6
  m_Component:
  - component: {fileID: 1480097335399771759}
  - component: {fileID: 6163980791489992516}
  - component: {fileID: 7007275758817259635}
  - component: {fileID: 3230561424021609750}
  m_Layer: 0
  m_Name: Canvas
  m_TagString: Untagged
  m_Icon: {fileID: 0}
  m_NavMeshLayer: 0
  m_StaticEditorFlags: 0
  m_IsActive: 1
--- !u!224 &1480097335399771759
RectTransform:
  m_ObjectHideFlags: 0
  m_CorrespondingSourceObject: {fileID: 0}
  m_PrefabInstance: {fileID: 0}
  m_PrefabAsset: {fileID: 0}
  m_GameObject: {fileID: 7254901691317989763}
  m_LocalRotation: {x: -0, y: -0, z: -0, w: 1}
  m_LocalPosition: {x: 0, y: 0, z: 0}
  m_LocalScale: {x: 0.025, y: 0.025, z: 0.025}
  m_Children:
  - {fileID: 1798298194934899531}
  - {fileID: 752458650491491070}
  - {fileID: 2023895855556451351}
  m_Father: {fileID: 6989620171257734102}
  m_RootOrder: 2
  m_LocalEulerAnglesHint: {x: 0, y: 0, z: 0}
  m_AnchorMin: {x: 0, y: 0}
  m_AnchorMax: {x: 0, y: 0}
  m_AnchoredPosition: {x: 0, y: 0}
  m_SizeDelta: {x: 500, y: 1000}
  m_Pivot: {x: 0.5, y: 0.5}
--- !u!223 &6163980791489992516
Canvas:
  m_ObjectHideFlags: 0
  m_CorrespondingSourceObject: {fileID: 0}
  m_PrefabInstance: {fileID: 0}
  m_PrefabAsset: {fileID: 0}
  m_GameObject: {fileID: 7254901691317989763}
  m_Enabled: 1
  serializedVersion: 3
  m_RenderMode: 2
  m_Camera: {fileID: 0}
  m_PlaneDistance: 100
  m_PixelPerfect: 0
  m_ReceivesEvents: 1
  m_OverrideSorting: 0
  m_OverridePixelPerfect: 0
  m_SortingBucketNormalizedSize: 0
  m_AdditionalShaderChannelsFlag: 25
  m_SortingLayerID: 0
  m_SortingOrder: 0
  m_TargetDisplay: 0
--- !u!114 &7007275758817259635
MonoBehaviour:
  m_ObjectHideFlags: 0
  m_CorrespondingSourceObject: {fileID: 0}
  m_PrefabInstance: {fileID: 0}
  m_PrefabAsset: {fileID: 0}
  m_GameObject: {fileID: 7254901691317989763}
  m_Enabled: 1
  m_EditorHideFlags: 0
  m_Script: {fileID: 11500000, guid: 0cd44c1031e13a943bb63640046fad76, type: 3}
  m_Name: 
  m_EditorClassIdentifier: 
  m_UiScaleMode: 0
  m_ReferencePixelsPerUnit: 100
  m_ScaleFactor: 1
  m_ReferenceResolution: {x: 800, y: 600}
  m_ScreenMatchMode: 0
  m_MatchWidthOrHeight: 0
  m_PhysicalUnit: 3
  m_FallbackScreenDPI: 96
  m_DefaultSpriteDPI: 96
  m_DynamicPixelsPerUnit: 1
  m_PresetInfoIsWorld: 0
--- !u!114 &3230561424021609750
MonoBehaviour:
  m_ObjectHideFlags: 0
  m_CorrespondingSourceObject: {fileID: 0}
  m_PrefabInstance: {fileID: 0}
  m_PrefabAsset: {fileID: 0}
  m_GameObject: {fileID: 7254901691317989763}
  m_Enabled: 1
  m_EditorHideFlags: 0
  m_Script: {fileID: 11500000, guid: dc42784cf147c0c48a680349fa168899, type: 3}
  m_Name: 
  m_EditorClassIdentifier: 
  m_IgnoreReversedGraphics: 1
  m_BlockingObjects: 0
  m_BlockingMask:
    serializedVersion: 2
    m_Bits: 4294967295
--- !u!1 &8848651105021370479
GameObject:
  m_ObjectHideFlags: 0
  m_CorrespondingSourceObject: {fileID: 0}
  m_PrefabInstance: {fileID: 0}
  m_PrefabAsset: {fileID: 0}
  serializedVersion: 6
  m_Component:
  - component: {fileID: 8961967769283805969}
  - component: {fileID: 4589335769542061776}
  - component: {fileID: 3216884442362532885}
  m_Layer: 0
  m_Name: Image
  m_TagString: Untagged
  m_Icon: {fileID: 0}
  m_NavMeshLayer: 0
  m_StaticEditorFlags: 0
  m_IsActive: 1
--- !u!224 &8961967769283805969
RectTransform:
  m_ObjectHideFlags: 0
  m_CorrespondingSourceObject: {fileID: 0}
  m_PrefabInstance: {fileID: 0}
  m_PrefabAsset: {fileID: 0}
  m_GameObject: {fileID: 8848651105021370479}
  m_LocalRotation: {x: 0, y: 0, z: 0, w: 1}
  m_LocalPosition: {x: 0, y: 0, z: 0}
  m_LocalScale: {x: 1, y: 1, z: 1}
  m_Children: []
  m_Father: {fileID: 752458650491491070}
  m_RootOrder: 0
  m_LocalEulerAnglesHint: {x: 0, y: 0, z: 0}
  m_AnchorMin: {x: 0.5, y: 0.5}
  m_AnchorMax: {x: 0.5, y: 0.5}
  m_AnchoredPosition: {x: 0, y: -80}
  m_SizeDelta: {x: 400, y: 80}
  m_Pivot: {x: 0.5, y: 0.5}
--- !u!222 &4589335769542061776
CanvasRenderer:
  m_ObjectHideFlags: 0
  m_CorrespondingSourceObject: {fileID: 0}
  m_PrefabInstance: {fileID: 0}
  m_PrefabAsset: {fileID: 0}
  m_GameObject: {fileID: 8848651105021370479}
  m_CullTransparentMesh: 0
--- !u!114 &3216884442362532885
MonoBehaviour:
  m_ObjectHideFlags: 0
  m_CorrespondingSourceObject: {fileID: 0}
  m_PrefabInstance: {fileID: 0}
  m_PrefabAsset: {fileID: 0}
  m_GameObject: {fileID: 8848651105021370479}
  m_Enabled: 1
  m_EditorHideFlags: 0
  m_Script: {fileID: 11500000, guid: fe87c0e1cc204ed48ad3b37840f39efc, type: 3}
  m_Name: 
  m_EditorClassIdentifier: 
  m_Material: {fileID: 0}
  m_Color: {r: 0.17928976, g: 0.46879524, b: 0.745283, a: 1}
  m_RaycastTarget: 1
  m_RaycastPadding: {x: 0, y: 0, z: 0, w: 0}
  m_Maskable: 1
  m_OnCullStateChanged:
    m_PersistentCalls:
      m_Calls: []
  m_Sprite: {fileID: 0}
  m_Type: 0
  m_PreserveAspect: 0
  m_FillCenter: 1
  m_FillMethod: 4
  m_FillAmount: 1
  m_FillClockwise: 1
  m_FillOrigin: 0
  m_UseSpriteMesh: 0
  m_PixelsPerUnitMultiplier: 1
--- !u!1001 &24057815677973249
PrefabInstance:
  m_ObjectHideFlags: 0
  serializedVersion: 2
  m_Modification:
    m_TransformParent: {fileID: 2023895855556451351}
    m_Modifications:
    - target: {fileID: 6378046998599738899, guid: a307e43e5a92049f5ba09f455b7f44b0,
        type: 3}
      propertyPath: m_Pivot.x
      value: 0.5
      objectReference: {fileID: 0}
    - target: {fileID: 6378046998599738899, guid: a307e43e5a92049f5ba09f455b7f44b0,
        type: 3}
      propertyPath: m_Pivot.y
      value: 0.5
      objectReference: {fileID: 0}
    - target: {fileID: 6378046998599738899, guid: a307e43e5a92049f5ba09f455b7f44b0,
        type: 3}
      propertyPath: m_RootOrder
      value: 0
      objectReference: {fileID: 0}
    - target: {fileID: 6378046998599738899, guid: a307e43e5a92049f5ba09f455b7f44b0,
        type: 3}
      propertyPath: m_AnchorMax.x
      value: 0
      objectReference: {fileID: 0}
    - target: {fileID: 6378046998599738899, guid: a307e43e5a92049f5ba09f455b7f44b0,
        type: 3}
      propertyPath: m_AnchorMax.y
      value: 0
      objectReference: {fileID: 0}
    - target: {fileID: 6378046998599738899, guid: a307e43e5a92049f5ba09f455b7f44b0,
        type: 3}
      propertyPath: m_AnchorMin.x
      value: 0
      objectReference: {fileID: 0}
    - target: {fileID: 6378046998599738899, guid: a307e43e5a92049f5ba09f455b7f44b0,
        type: 3}
      propertyPath: m_AnchorMin.y
      value: 0
      objectReference: {fileID: 0}
    - target: {fileID: 6378046998599738899, guid: a307e43e5a92049f5ba09f455b7f44b0,
        type: 3}
      propertyPath: m_SizeDelta.x
      value: 0
      objectReference: {fileID: 0}
    - target: {fileID: 6378046998599738899, guid: a307e43e5a92049f5ba09f455b7f44b0,
        type: 3}
      propertyPath: m_SizeDelta.y
      value: 40
      objectReference: {fileID: 0}
    - target: {fileID: 6378046998599738899, guid: a307e43e5a92049f5ba09f455b7f44b0,
        type: 3}
      propertyPath: m_LocalPosition.x
      value: 0
      objectReference: {fileID: 0}
    - target: {fileID: 6378046998599738899, guid: a307e43e5a92049f5ba09f455b7f44b0,
        type: 3}
      propertyPath: m_LocalPosition.y
      value: 0
      objectReference: {fileID: 0}
    - target: {fileID: 6378046998599738899, guid: a307e43e5a92049f5ba09f455b7f44b0,
        type: 3}
      propertyPath: m_LocalPosition.z
      value: 0
      objectReference: {fileID: 0}
    - target: {fileID: 6378046998599738899, guid: a307e43e5a92049f5ba09f455b7f44b0,
        type: 3}
      propertyPath: m_LocalRotation.w
      value: 1
      objectReference: {fileID: 0}
    - target: {fileID: 6378046998599738899, guid: a307e43e5a92049f5ba09f455b7f44b0,
        type: 3}
      propertyPath: m_LocalRotation.x
      value: 0
      objectReference: {fileID: 0}
    - target: {fileID: 6378046998599738899, guid: a307e43e5a92049f5ba09f455b7f44b0,
        type: 3}
      propertyPath: m_LocalRotation.y
      value: 0
      objectReference: {fileID: 0}
    - target: {fileID: 6378046998599738899, guid: a307e43e5a92049f5ba09f455b7f44b0,
        type: 3}
      propertyPath: m_LocalRotation.z
      value: 0
      objectReference: {fileID: 0}
    - target: {fileID: 6378046998599738899, guid: a307e43e5a92049f5ba09f455b7f44b0,
        type: 3}
      propertyPath: m_AnchoredPosition.x
      value: 0
      objectReference: {fileID: 0}
    - target: {fileID: 6378046998599738899, guid: a307e43e5a92049f5ba09f455b7f44b0,
        type: 3}
      propertyPath: m_AnchoredPosition.y
      value: 0
      objectReference: {fileID: 0}
    - target: {fileID: 6378046998599738899, guid: a307e43e5a92049f5ba09f455b7f44b0,
        type: 3}
      propertyPath: m_LocalEulerAnglesHint.x
      value: 0
      objectReference: {fileID: 0}
    - target: {fileID: 6378046998599738899, guid: a307e43e5a92049f5ba09f455b7f44b0,
        type: 3}
      propertyPath: m_LocalEulerAnglesHint.y
      value: 0
      objectReference: {fileID: 0}
    - target: {fileID: 6378046998599738899, guid: a307e43e5a92049f5ba09f455b7f44b0,
        type: 3}
      propertyPath: m_LocalEulerAnglesHint.z
      value: 0
      objectReference: {fileID: 0}
    - target: {fileID: 7864540499775793671, guid: a307e43e5a92049f5ba09f455b7f44b0,
        type: 3}
      propertyPath: m_Name
      value: GameInfo_Item
      objectReference: {fileID: 0}
    m_RemovedComponents: []
  m_SourcePrefab: {fileID: 100100000, guid: a307e43e5a92049f5ba09f455b7f44b0, type: 3}
--- !u!224 &6401347382298416402 stripped
RectTransform:
  m_CorrespondingSourceObject: {fileID: 6378046998599738899, guid: a307e43e5a92049f5ba09f455b7f44b0,
    type: 3}
  m_PrefabInstance: {fileID: 24057815677973249}
  m_PrefabAsset: {fileID: 0}
--- !u!114 &2029225285944920984 stripped
MonoBehaviour:
  m_CorrespondingSourceObject: {fileID: 2052579103280887961, guid: a307e43e5a92049f5ba09f455b7f44b0,
    type: 3}
  m_PrefabInstance: {fileID: 24057815677973249}
  m_PrefabAsset: {fileID: 0}
  m_GameObject: {fileID: 0}
  m_Enabled: 1
  m_EditorHideFlags: 0
  m_Script: {fileID: 11500000, guid: f4688fdb7df04437aeb418b961361dc5, type: 3}
  m_Name: 
  m_EditorClassIdentifier: 
--- !u!1001 &792532019026006214
PrefabInstance:
  m_ObjectHideFlags: 0
  serializedVersion: 2
  m_Modification:
    m_TransformParent: {fileID: 6989620170182076292}
    m_Modifications:
    - target: {fileID: 3463431883259333616, guid: 23789e14e660c41a8aef40f77ed11dee,
        type: 3}
      propertyPath: m_RootOrder
      value: 4
      objectReference: {fileID: 0}
    - target: {fileID: 3463431883259333616, guid: 23789e14e660c41a8aef40f77ed11dee,
        type: 3}
      propertyPath: m_LocalScale.x
      value: 0.8
      objectReference: {fileID: 0}
    - target: {fileID: 3463431883259333616, guid: 23789e14e660c41a8aef40f77ed11dee,
        type: 3}
      propertyPath: m_LocalScale.y
      value: 0.8
      objectReference: {fileID: 0}
    - target: {fileID: 3463431883259333616, guid: 23789e14e660c41a8aef40f77ed11dee,
        type: 3}
      propertyPath: m_LocalScale.z
      value: 0.8
      objectReference: {fileID: 0}
    - target: {fileID: 3463431883259333616, guid: 23789e14e660c41a8aef40f77ed11dee,
        type: 3}
      propertyPath: m_LocalPosition.x
      value: 0
      objectReference: {fileID: 0}
    - target: {fileID: 3463431883259333616, guid: 23789e14e660c41a8aef40f77ed11dee,
        type: 3}
      propertyPath: m_LocalPosition.y
      value: -12
      objectReference: {fileID: 0}
    - target: {fileID: 3463431883259333616, guid: 23789e14e660c41a8aef40f77ed11dee,
        type: 3}
      propertyPath: m_LocalPosition.z
      value: 0
      objectReference: {fileID: 0}
    - target: {fileID: 3463431883259333616, guid: 23789e14e660c41a8aef40f77ed11dee,
        type: 3}
      propertyPath: m_LocalRotation.w
      value: 1
      objectReference: {fileID: 0}
    - target: {fileID: 3463431883259333616, guid: 23789e14e660c41a8aef40f77ed11dee,
        type: 3}
      propertyPath: m_LocalRotation.x
      value: -0
      objectReference: {fileID: 0}
    - target: {fileID: 3463431883259333616, guid: 23789e14e660c41a8aef40f77ed11dee,
        type: 3}
      propertyPath: m_LocalRotation.y
      value: -0
      objectReference: {fileID: 0}
    - target: {fileID: 3463431883259333616, guid: 23789e14e660c41a8aef40f77ed11dee,
        type: 3}
      propertyPath: m_LocalRotation.z
      value: -0
      objectReference: {fileID: 0}
    - target: {fileID: 3463431883259333616, guid: 23789e14e660c41a8aef40f77ed11dee,
        type: 3}
      propertyPath: m_LocalEulerAnglesHint.x
      value: 0
      objectReference: {fileID: 0}
    - target: {fileID: 3463431883259333616, guid: 23789e14e660c41a8aef40f77ed11dee,
        type: 3}
      propertyPath: m_LocalEulerAnglesHint.y
      value: 0
      objectReference: {fileID: 0}
    - target: {fileID: 3463431883259333616, guid: 23789e14e660c41a8aef40f77ed11dee,
        type: 3}
      propertyPath: m_LocalEulerAnglesHint.z
      value: 0
      objectReference: {fileID: 0}
    - target: {fileID: 3463431883259333622, guid: 23789e14e660c41a8aef40f77ed11dee,
        type: 3}
      propertyPath: m_Name
      value: Falling Piece (4)
      objectReference: {fileID: 0}
    m_RemovedComponents: []
  m_SourcePrefab: {fileID: 100100000, guid: 23789e14e660c41a8aef40f77ed11dee, type: 3}
--- !u!114 &4246673853625162545 stripped
MonoBehaviour:
  m_CorrespondingSourceObject: {fileID: 3463431883259333623, guid: 23789e14e660c41a8aef40f77ed11dee,
    type: 3}
  m_PrefabInstance: {fileID: 792532019026006214}
  m_PrefabAsset: {fileID: 0}
  m_GameObject: {fileID: 0}
  m_Enabled: 1
  m_EditorHideFlags: 0
  m_Script: {fileID: 11500000, guid: b90aa004c7bf40638d41f9f95cd218c7, type: 3}
  m_Name: 
  m_EditorClassIdentifier: 
--- !u!4 &4246673853625162550 stripped
Transform:
  m_CorrespondingSourceObject: {fileID: 3463431883259333616, guid: 23789e14e660c41a8aef40f77ed11dee,
    type: 3}
  m_PrefabInstance: {fileID: 792532019026006214}
  m_PrefabAsset: {fileID: 0}
--- !u!1001 &1072597111302005510
PrefabInstance:
  m_ObjectHideFlags: 0
  serializedVersion: 2
  m_Modification:
    m_TransformParent: {fileID: 6989620170182076292}
    m_Modifications:
    - target: {fileID: 3463431883259333616, guid: 23789e14e660c41a8aef40f77ed11dee,
        type: 3}
      propertyPath: m_RootOrder
      value: 0
      objectReference: {fileID: 0}
    - target: {fileID: 3463431883259333616, guid: 23789e14e660c41a8aef40f77ed11dee,
        type: 3}
      propertyPath: m_LocalPosition.x
      value: 0
      objectReference: {fileID: 0}
    - target: {fileID: 3463431883259333616, guid: 23789e14e660c41a8aef40f77ed11dee,
        type: 3}
      propertyPath: m_LocalPosition.y
      value: 0
      objectReference: {fileID: 0}
    - target: {fileID: 3463431883259333616, guid: 23789e14e660c41a8aef40f77ed11dee,
        type: 3}
      propertyPath: m_LocalPosition.z
      value: 0
      objectReference: {fileID: 0}
    - target: {fileID: 3463431883259333616, guid: 23789e14e660c41a8aef40f77ed11dee,
        type: 3}
      propertyPath: m_LocalRotation.w
      value: 1
      objectReference: {fileID: 0}
    - target: {fileID: 3463431883259333616, guid: 23789e14e660c41a8aef40f77ed11dee,
        type: 3}
      propertyPath: m_LocalRotation.x
      value: -0
      objectReference: {fileID: 0}
    - target: {fileID: 3463431883259333616, guid: 23789e14e660c41a8aef40f77ed11dee,
        type: 3}
      propertyPath: m_LocalRotation.y
      value: -0
      objectReference: {fileID: 0}
    - target: {fileID: 3463431883259333616, guid: 23789e14e660c41a8aef40f77ed11dee,
        type: 3}
      propertyPath: m_LocalRotation.z
      value: -0
      objectReference: {fileID: 0}
    - target: {fileID: 3463431883259333616, guid: 23789e14e660c41a8aef40f77ed11dee,
        type: 3}
      propertyPath: m_LocalEulerAnglesHint.x
      value: 0
      objectReference: {fileID: 0}
    - target: {fileID: 3463431883259333616, guid: 23789e14e660c41a8aef40f77ed11dee,
        type: 3}
      propertyPath: m_LocalEulerAnglesHint.y
      value: 0
      objectReference: {fileID: 0}
    - target: {fileID: 3463431883259333616, guid: 23789e14e660c41a8aef40f77ed11dee,
        type: 3}
      propertyPath: m_LocalEulerAnglesHint.z
      value: 0
      objectReference: {fileID: 0}
    - target: {fileID: 3463431883259333622, guid: 23789e14e660c41a8aef40f77ed11dee,
        type: 3}
      propertyPath: m_Name
      value: Falling Piece
      objectReference: {fileID: 0}
    m_RemovedComponents: []
  m_SourcePrefab: {fileID: 100100000, guid: 23789e14e660c41a8aef40f77ed11dee, type: 3}
--- !u!114 &4535746673467156721 stripped
MonoBehaviour:
  m_CorrespondingSourceObject: {fileID: 3463431883259333623, guid: 23789e14e660c41a8aef40f77ed11dee,
    type: 3}
  m_PrefabInstance: {fileID: 1072597111302005510}
  m_PrefabAsset: {fileID: 0}
  m_GameObject: {fileID: 0}
  m_Enabled: 1
  m_EditorHideFlags: 0
  m_Script: {fileID: 11500000, guid: b90aa004c7bf40638d41f9f95cd218c7, type: 3}
  m_Name: 
  m_EditorClassIdentifier: 
--- !u!4 &4535746673467156726 stripped
Transform:
  m_CorrespondingSourceObject: {fileID: 3463431883259333616, guid: 23789e14e660c41a8aef40f77ed11dee,
    type: 3}
  m_PrefabInstance: {fileID: 1072597111302005510}
  m_PrefabAsset: {fileID: 0}
--- !u!1001 &1439856330556087631
PrefabInstance:
  m_ObjectHideFlags: 0
  serializedVersion: 2
  m_Modification:
    m_TransformParent: {fileID: 6989620170182076292}
    m_Modifications:
    - target: {fileID: 3463431883259333616, guid: 23789e14e660c41a8aef40f77ed11dee,
        type: 3}
      propertyPath: m_RootOrder
      value: 1
      objectReference: {fileID: 0}
    - target: {fileID: 3463431883259333616, guid: 23789e14e660c41a8aef40f77ed11dee,
        type: 3}
      propertyPath: m_LocalScale.x
      value: 0.8
      objectReference: {fileID: 0}
    - target: {fileID: 3463431883259333616, guid: 23789e14e660c41a8aef40f77ed11dee,
        type: 3}
      propertyPath: m_LocalScale.y
      value: 0.8
      objectReference: {fileID: 0}
    - target: {fileID: 3463431883259333616, guid: 23789e14e660c41a8aef40f77ed11dee,
        type: 3}
      propertyPath: m_LocalScale.z
      value: 0.8
      objectReference: {fileID: 0}
    - target: {fileID: 3463431883259333616, guid: 23789e14e660c41a8aef40f77ed11dee,
        type: 3}
      propertyPath: m_LocalPosition.x
      value: 0
      objectReference: {fileID: 0}
    - target: {fileID: 3463431883259333616, guid: 23789e14e660c41a8aef40f77ed11dee,
        type: 3}
      propertyPath: m_LocalPosition.y
      value: -3
      objectReference: {fileID: 0}
    - target: {fileID: 3463431883259333616, guid: 23789e14e660c41a8aef40f77ed11dee,
        type: 3}
      propertyPath: m_LocalPosition.z
      value: 0
      objectReference: {fileID: 0}
    - target: {fileID: 3463431883259333616, guid: 23789e14e660c41a8aef40f77ed11dee,
        type: 3}
      propertyPath: m_LocalRotation.w
      value: 1
      objectReference: {fileID: 0}
    - target: {fileID: 3463431883259333616, guid: 23789e14e660c41a8aef40f77ed11dee,
        type: 3}
      propertyPath: m_LocalRotation.x
      value: -0
      objectReference: {fileID: 0}
    - target: {fileID: 3463431883259333616, guid: 23789e14e660c41a8aef40f77ed11dee,
        type: 3}
      propertyPath: m_LocalRotation.y
      value: -0
      objectReference: {fileID: 0}
    - target: {fileID: 3463431883259333616, guid: 23789e14e660c41a8aef40f77ed11dee,
        type: 3}
      propertyPath: m_LocalRotation.z
      value: -0
      objectReference: {fileID: 0}
    - target: {fileID: 3463431883259333616, guid: 23789e14e660c41a8aef40f77ed11dee,
        type: 3}
      propertyPath: m_LocalEulerAnglesHint.x
      value: 0
      objectReference: {fileID: 0}
    - target: {fileID: 3463431883259333616, guid: 23789e14e660c41a8aef40f77ed11dee,
        type: 3}
      propertyPath: m_LocalEulerAnglesHint.y
      value: 0
      objectReference: {fileID: 0}
    - target: {fileID: 3463431883259333616, guid: 23789e14e660c41a8aef40f77ed11dee,
        type: 3}
      propertyPath: m_LocalEulerAnglesHint.z
      value: 0
      objectReference: {fileID: 0}
    - target: {fileID: 3463431883259333622, guid: 23789e14e660c41a8aef40f77ed11dee,
        type: 3}
      propertyPath: m_Name
      value: Falling Piece (1)
      objectReference: {fileID: 0}
    m_RemovedComponents: []
  m_SourcePrefab: {fileID: 100100000, guid: 23789e14e660c41a8aef40f77ed11dee, type: 3}
--- !u!4 &2588427696338622143 stripped
Transform:
  m_CorrespondingSourceObject: {fileID: 3463431883259333616, guid: 23789e14e660c41a8aef40f77ed11dee,
    type: 3}
  m_PrefabInstance: {fileID: 1439856330556087631}
  m_PrefabAsset: {fileID: 0}
--- !u!114 &2588427696338622136 stripped
MonoBehaviour:
  m_CorrespondingSourceObject: {fileID: 3463431883259333623, guid: 23789e14e660c41a8aef40f77ed11dee,
    type: 3}
  m_PrefabInstance: {fileID: 1439856330556087631}
  m_PrefabAsset: {fileID: 0}
  m_GameObject: {fileID: 0}
  m_Enabled: 1
  m_EditorHideFlags: 0
  m_Script: {fileID: 11500000, guid: b90aa004c7bf40638d41f9f95cd218c7, type: 3}
  m_Name: 
  m_EditorClassIdentifier: 
--- !u!1001 &2683569569650023683
PrefabInstance:
  m_ObjectHideFlags: 0
  serializedVersion: 2
  m_Modification:
    m_TransformParent: {fileID: 6989620170371662080}
    m_Modifications:
    - target: {fileID: 3463431883259333616, guid: 23789e14e660c41a8aef40f77ed11dee,
        type: 3}
      propertyPath: m_RootOrder
      value: 1
      objectReference: {fileID: 0}
    - target: {fileID: 3463431883259333616, guid: 23789e14e660c41a8aef40f77ed11dee,
        type: 3}
      propertyPath: m_LocalPosition.x
      value: 0
      objectReference: {fileID: 0}
    - target: {fileID: 3463431883259333616, guid: 23789e14e660c41a8aef40f77ed11dee,
        type: 3}
      propertyPath: m_LocalPosition.y
      value: 0
      objectReference: {fileID: 0}
    - target: {fileID: 3463431883259333616, guid: 23789e14e660c41a8aef40f77ed11dee,
        type: 3}
      propertyPath: m_LocalPosition.z
      value: 0
      objectReference: {fileID: 0}
    - target: {fileID: 3463431883259333616, guid: 23789e14e660c41a8aef40f77ed11dee,
        type: 3}
      propertyPath: m_LocalRotation.w
      value: 1
      objectReference: {fileID: 0}
    - target: {fileID: 3463431883259333616, guid: 23789e14e660c41a8aef40f77ed11dee,
        type: 3}
      propertyPath: m_LocalRotation.x
      value: -0
      objectReference: {fileID: 0}
    - target: {fileID: 3463431883259333616, guid: 23789e14e660c41a8aef40f77ed11dee,
        type: 3}
      propertyPath: m_LocalRotation.y
      value: -0
      objectReference: {fileID: 0}
    - target: {fileID: 3463431883259333616, guid: 23789e14e660c41a8aef40f77ed11dee,
        type: 3}
      propertyPath: m_LocalRotation.z
      value: -0
      objectReference: {fileID: 0}
    - target: {fileID: 3463431883259333616, guid: 23789e14e660c41a8aef40f77ed11dee,
        type: 3}
      propertyPath: m_LocalEulerAnglesHint.x
      value: 0
      objectReference: {fileID: 0}
    - target: {fileID: 3463431883259333616, guid: 23789e14e660c41a8aef40f77ed11dee,
        type: 3}
      propertyPath: m_LocalEulerAnglesHint.y
      value: 0
      objectReference: {fileID: 0}
    - target: {fileID: 3463431883259333616, guid: 23789e14e660c41a8aef40f77ed11dee,
        type: 3}
      propertyPath: m_LocalEulerAnglesHint.z
      value: 0
      objectReference: {fileID: 0}
    - target: {fileID: 3463431883259333622, guid: 23789e14e660c41a8aef40f77ed11dee,
        type: 3}
      propertyPath: m_Name
      value: Ghost
      objectReference: {fileID: 0}
    - target: {fileID: 3463431883259333623, guid: 23789e14e660c41a8aef40f77ed11dee,
        type: 3}
      propertyPath: transparent
      value: 1
      objectReference: {fileID: 0}
    m_RemovedComponents: []
  m_SourcePrefab: {fileID: 100100000, guid: 23789e14e660c41a8aef40f77ed11dee, type: 3}
--- !u!4 &1525982211741243123 stripped
Transform:
  m_CorrespondingSourceObject: {fileID: 3463431883259333616, guid: 23789e14e660c41a8aef40f77ed11dee,
    type: 3}
  m_PrefabInstance: {fileID: 2683569569650023683}
  m_PrefabAsset: {fileID: 0}
--- !u!114 &1525982211741243124 stripped
MonoBehaviour:
  m_CorrespondingSourceObject: {fileID: 3463431883259333623, guid: 23789e14e660c41a8aef40f77ed11dee,
    type: 3}
  m_PrefabInstance: {fileID: 2683569569650023683}
  m_PrefabAsset: {fileID: 0}
  m_GameObject: {fileID: 0}
  m_Enabled: 1
  m_EditorHideFlags: 0
  m_Script: {fileID: 11500000, guid: b90aa004c7bf40638d41f9f95cd218c7, type: 3}
  m_Name: 
  m_EditorClassIdentifier: 
--- !u!1001 &3211358039929746120
PrefabInstance:
  m_ObjectHideFlags: 0
  serializedVersion: 2
  m_Modification:
    m_TransformParent: {fileID: 2023895855556451351}
    m_Modifications:
    - target: {fileID: 6378046998599738899, guid: a307e43e5a92049f5ba09f455b7f44b0,
        type: 3}
      propertyPath: m_Pivot.x
      value: 0.5
      objectReference: {fileID: 0}
    - target: {fileID: 6378046998599738899, guid: a307e43e5a92049f5ba09f455b7f44b0,
        type: 3}
      propertyPath: m_Pivot.y
      value: 0.5
      objectReference: {fileID: 0}
    - target: {fileID: 6378046998599738899, guid: a307e43e5a92049f5ba09f455b7f44b0,
        type: 3}
      propertyPath: m_RootOrder
      value: 1
      objectReference: {fileID: 0}
    - target: {fileID: 6378046998599738899, guid: a307e43e5a92049f5ba09f455b7f44b0,
        type: 3}
      propertyPath: m_AnchorMax.x
      value: 0
      objectReference: {fileID: 0}
    - target: {fileID: 6378046998599738899, guid: a307e43e5a92049f5ba09f455b7f44b0,
        type: 3}
      propertyPath: m_AnchorMax.y
      value: 0
      objectReference: {fileID: 0}
    - target: {fileID: 6378046998599738899, guid: a307e43e5a92049f5ba09f455b7f44b0,
        type: 3}
      propertyPath: m_AnchorMin.x
      value: 0
      objectReference: {fileID: 0}
    - target: {fileID: 6378046998599738899, guid: a307e43e5a92049f5ba09f455b7f44b0,
        type: 3}
      propertyPath: m_AnchorMin.y
      value: 0
      objectReference: {fileID: 0}
    - target: {fileID: 6378046998599738899, guid: a307e43e5a92049f5ba09f455b7f44b0,
        type: 3}
      propertyPath: m_SizeDelta.x
      value: 0
      objectReference: {fileID: 0}
    - target: {fileID: 6378046998599738899, guid: a307e43e5a92049f5ba09f455b7f44b0,
        type: 3}
      propertyPath: m_SizeDelta.y
      value: 40
      objectReference: {fileID: 0}
    - target: {fileID: 6378046998599738899, guid: a307e43e5a92049f5ba09f455b7f44b0,
        type: 3}
      propertyPath: m_LocalPosition.x
      value: 0
      objectReference: {fileID: 0}
    - target: {fileID: 6378046998599738899, guid: a307e43e5a92049f5ba09f455b7f44b0,
        type: 3}
      propertyPath: m_LocalPosition.y
      value: 0
      objectReference: {fileID: 0}
    - target: {fileID: 6378046998599738899, guid: a307e43e5a92049f5ba09f455b7f44b0,
        type: 3}
      propertyPath: m_LocalPosition.z
      value: 0
      objectReference: {fileID: 0}
    - target: {fileID: 6378046998599738899, guid: a307e43e5a92049f5ba09f455b7f44b0,
        type: 3}
      propertyPath: m_LocalRotation.w
      value: 1
      objectReference: {fileID: 0}
    - target: {fileID: 6378046998599738899, guid: a307e43e5a92049f5ba09f455b7f44b0,
        type: 3}
      propertyPath: m_LocalRotation.x
      value: 0
      objectReference: {fileID: 0}
    - target: {fileID: 6378046998599738899, guid: a307e43e5a92049f5ba09f455b7f44b0,
        type: 3}
      propertyPath: m_LocalRotation.y
      value: 0
      objectReference: {fileID: 0}
    - target: {fileID: 6378046998599738899, guid: a307e43e5a92049f5ba09f455b7f44b0,
        type: 3}
      propertyPath: m_LocalRotation.z
      value: 0
      objectReference: {fileID: 0}
    - target: {fileID: 6378046998599738899, guid: a307e43e5a92049f5ba09f455b7f44b0,
        type: 3}
      propertyPath: m_AnchoredPosition.x
      value: 0
      objectReference: {fileID: 0}
    - target: {fileID: 6378046998599738899, guid: a307e43e5a92049f5ba09f455b7f44b0,
        type: 3}
      propertyPath: m_AnchoredPosition.y
      value: 0
      objectReference: {fileID: 0}
    - target: {fileID: 6378046998599738899, guid: a307e43e5a92049f5ba09f455b7f44b0,
        type: 3}
      propertyPath: m_LocalEulerAnglesHint.x
      value: 0
      objectReference: {fileID: 0}
    - target: {fileID: 6378046998599738899, guid: a307e43e5a92049f5ba09f455b7f44b0,
        type: 3}
      propertyPath: m_LocalEulerAnglesHint.y
      value: 0
      objectReference: {fileID: 0}
    - target: {fileID: 6378046998599738899, guid: a307e43e5a92049f5ba09f455b7f44b0,
        type: 3}
      propertyPath: m_LocalEulerAnglesHint.z
      value: 0
      objectReference: {fileID: 0}
    - target: {fileID: 7197137631915119610, guid: a307e43e5a92049f5ba09f455b7f44b0,
        type: 3}
      propertyPath: m_text
      value: LPM
      objectReference: {fileID: 0}
    - target: {fileID: 7864540499775793671, guid: a307e43e5a92049f5ba09f455b7f44b0,
        type: 3}
      propertyPath: m_Name
      value: GameInfo_Item (1)
      objectReference: {fileID: 0}
    m_RemovedComponents: []
  m_SourcePrefab: {fileID: 100100000, guid: a307e43e5a92049f5ba09f455b7f44b0, type: 3}
--- !u!114 &3525527747657534033 stripped
MonoBehaviour:
  m_CorrespondingSourceObject: {fileID: 2052579103280887961, guid: a307e43e5a92049f5ba09f455b7f44b0,
    type: 3}
  m_PrefabInstance: {fileID: 3211358039929746120}
  m_PrefabAsset: {fileID: 0}
  m_GameObject: {fileID: 0}
  m_Enabled: 1
  m_EditorHideFlags: 0
  m_Script: {fileID: 11500000, guid: f4688fdb7df04437aeb418b961361dc5, type: 3}
  m_Name: 
  m_EditorClassIdentifier: 
--- !u!224 &8363843031754069211 stripped
RectTransform:
  m_CorrespondingSourceObject: {fileID: 6378046998599738899, guid: a307e43e5a92049f5ba09f455b7f44b0,
    type: 3}
  m_PrefabInstance: {fileID: 3211358039929746120}
  m_PrefabAsset: {fileID: 0}
--- !u!1001 &3638998754205741170
PrefabInstance:
  m_ObjectHideFlags: 0
  serializedVersion: 2
  m_Modification:
    m_TransformParent: {fileID: 6989620170182076292}
    m_Modifications:
    - target: {fileID: 3463431883259333616, guid: 23789e14e660c41a8aef40f77ed11dee,
        type: 3}
      propertyPath: m_RootOrder
      value: 2
      objectReference: {fileID: 0}
    - target: {fileID: 3463431883259333616, guid: 23789e14e660c41a8aef40f77ed11dee,
        type: 3}
      propertyPath: m_LocalScale.x
      value: 0.8
      objectReference: {fileID: 0}
    - target: {fileID: 3463431883259333616, guid: 23789e14e660c41a8aef40f77ed11dee,
        type: 3}
      propertyPath: m_LocalScale.y
      value: 0.8
      objectReference: {fileID: 0}
    - target: {fileID: 3463431883259333616, guid: 23789e14e660c41a8aef40f77ed11dee,
        type: 3}
      propertyPath: m_LocalScale.z
      value: 0.8
      objectReference: {fileID: 0}
    - target: {fileID: 3463431883259333616, guid: 23789e14e660c41a8aef40f77ed11dee,
        type: 3}
      propertyPath: m_LocalPosition.x
      value: 0
      objectReference: {fileID: 0}
    - target: {fileID: 3463431883259333616, guid: 23789e14e660c41a8aef40f77ed11dee,
        type: 3}
      propertyPath: m_LocalPosition.y
      value: -6
      objectReference: {fileID: 0}
    - target: {fileID: 3463431883259333616, guid: 23789e14e660c41a8aef40f77ed11dee,
        type: 3}
      propertyPath: m_LocalPosition.z
      value: 0
      objectReference: {fileID: 0}
    - target: {fileID: 3463431883259333616, guid: 23789e14e660c41a8aef40f77ed11dee,
        type: 3}
      propertyPath: m_LocalRotation.w
      value: 1
      objectReference: {fileID: 0}
    - target: {fileID: 3463431883259333616, guid: 23789e14e660c41a8aef40f77ed11dee,
        type: 3}
      propertyPath: m_LocalRotation.x
      value: -0
      objectReference: {fileID: 0}
    - target: {fileID: 3463431883259333616, guid: 23789e14e660c41a8aef40f77ed11dee,
        type: 3}
      propertyPath: m_LocalRotation.y
      value: -0
      objectReference: {fileID: 0}
    - target: {fileID: 3463431883259333616, guid: 23789e14e660c41a8aef40f77ed11dee,
        type: 3}
      propertyPath: m_LocalRotation.z
      value: -0
      objectReference: {fileID: 0}
    - target: {fileID: 3463431883259333616, guid: 23789e14e660c41a8aef40f77ed11dee,
        type: 3}
      propertyPath: m_LocalEulerAnglesHint.x
      value: 0
      objectReference: {fileID: 0}
    - target: {fileID: 3463431883259333616, guid: 23789e14e660c41a8aef40f77ed11dee,
        type: 3}
      propertyPath: m_LocalEulerAnglesHint.y
      value: 0
      objectReference: {fileID: 0}
    - target: {fileID: 3463431883259333616, guid: 23789e14e660c41a8aef40f77ed11dee,
        type: 3}
      propertyPath: m_LocalEulerAnglesHint.z
      value: 0
      objectReference: {fileID: 0}
    - target: {fileID: 3463431883259333622, guid: 23789e14e660c41a8aef40f77ed11dee,
        type: 3}
      propertyPath: m_Name
      value: Falling Piece (2)
      objectReference: {fileID: 0}
    m_RemovedComponents: []
  m_SourcePrefab: {fileID: 100100000, guid: 23789e14e660c41a8aef40f77ed11dee, type: 3}
--- !u!4 &184866269758684034 stripped
Transform:
  m_CorrespondingSourceObject: {fileID: 3463431883259333616, guid: 23789e14e660c41a8aef40f77ed11dee,
    type: 3}
  m_PrefabInstance: {fileID: 3638998754205741170}
  m_PrefabAsset: {fileID: 0}
--- !u!114 &184866269758684037 stripped
MonoBehaviour:
  m_CorrespondingSourceObject: {fileID: 3463431883259333623, guid: 23789e14e660c41a8aef40f77ed11dee,
    type: 3}
  m_PrefabInstance: {fileID: 3638998754205741170}
  m_PrefabAsset: {fileID: 0}
  m_GameObject: {fileID: 0}
  m_Enabled: 1
  m_EditorHideFlags: 0
  m_Script: {fileID: 11500000, guid: b90aa004c7bf40638d41f9f95cd218c7, type: 3}
  m_Name: 
  m_EditorClassIdentifier: 
--- !u!1001 &4485586638578314897
PrefabInstance:
  m_ObjectHideFlags: 0
  serializedVersion: 2
  m_Modification:
    m_TransformParent: {fileID: 6989620170371662080}
    m_Modifications:
    - target: {fileID: 3463431883259333616, guid: 23789e14e660c41a8aef40f77ed11dee,
        type: 3}
      propertyPath: m_RootOrder
      value: 0
      objectReference: {fileID: 0}
    - target: {fileID: 3463431883259333616, guid: 23789e14e660c41a8aef40f77ed11dee,
        type: 3}
      propertyPath: m_LocalPosition.x
      value: 0
      objectReference: {fileID: 0}
    - target: {fileID: 3463431883259333616, guid: 23789e14e660c41a8aef40f77ed11dee,
        type: 3}
      propertyPath: m_LocalPosition.y
      value: 0
      objectReference: {fileID: 0}
    - target: {fileID: 3463431883259333616, guid: 23789e14e660c41a8aef40f77ed11dee,
        type: 3}
      propertyPath: m_LocalPosition.z
      value: 0
      objectReference: {fileID: 0}
    - target: {fileID: 3463431883259333616, guid: 23789e14e660c41a8aef40f77ed11dee,
        type: 3}
      propertyPath: m_LocalRotation.w
      value: 1
      objectReference: {fileID: 0}
    - target: {fileID: 3463431883259333616, guid: 23789e14e660c41a8aef40f77ed11dee,
        type: 3}
      propertyPath: m_LocalRotation.x
      value: -0
      objectReference: {fileID: 0}
    - target: {fileID: 3463431883259333616, guid: 23789e14e660c41a8aef40f77ed11dee,
        type: 3}
      propertyPath: m_LocalRotation.y
      value: -0
      objectReference: {fileID: 0}
    - target: {fileID: 3463431883259333616, guid: 23789e14e660c41a8aef40f77ed11dee,
        type: 3}
      propertyPath: m_LocalRotation.z
      value: -0
      objectReference: {fileID: 0}
    - target: {fileID: 3463431883259333616, guid: 23789e14e660c41a8aef40f77ed11dee,
        type: 3}
      propertyPath: m_LocalEulerAnglesHint.x
      value: 0
      objectReference: {fileID: 0}
    - target: {fileID: 3463431883259333616, guid: 23789e14e660c41a8aef40f77ed11dee,
        type: 3}
      propertyPath: m_LocalEulerAnglesHint.y
      value: 0
      objectReference: {fileID: 0}
    - target: {fileID: 3463431883259333616, guid: 23789e14e660c41a8aef40f77ed11dee,
        type: 3}
      propertyPath: m_LocalEulerAnglesHint.z
      value: 0
      objectReference: {fileID: 0}
    - target: {fileID: 3463431883259333622, guid: 23789e14e660c41a8aef40f77ed11dee,
        type: 3}
      propertyPath: m_Name
      value: Falling Piece
      objectReference: {fileID: 0}
    m_RemovedComponents: []
  m_SourcePrefab: {fileID: 100100000, guid: 23789e14e660c41a8aef40f77ed11dee, type: 3}
--- !u!4 &1031488943328961889 stripped
Transform:
  m_CorrespondingSourceObject: {fileID: 3463431883259333616, guid: 23789e14e660c41a8aef40f77ed11dee,
    type: 3}
  m_PrefabInstance: {fileID: 4485586638578314897}
  m_PrefabAsset: {fileID: 0}
--- !u!114 &1031488943328961894 stripped
MonoBehaviour:
  m_CorrespondingSourceObject: {fileID: 3463431883259333623, guid: 23789e14e660c41a8aef40f77ed11dee,
    type: 3}
  m_PrefabInstance: {fileID: 4485586638578314897}
  m_PrefabAsset: {fileID: 0}
  m_GameObject: {fileID: 0}
  m_Enabled: 1
  m_EditorHideFlags: 0
  m_Script: {fileID: 11500000, guid: b90aa004c7bf40638d41f9f95cd218c7, type: 3}
  m_Name: 
  m_EditorClassIdentifier: 
--- !u!1001 &5731192501065680866
PrefabInstance:
  m_ObjectHideFlags: 0
  serializedVersion: 2
  m_Modification:
    m_TransformParent: {fileID: 2023895855556451351}
    m_Modifications:
    - target: {fileID: 6378046998599738899, guid: a307e43e5a92049f5ba09f455b7f44b0,
        type: 3}
      propertyPath: m_Pivot.x
      value: 0.5
      objectReference: {fileID: 0}
    - target: {fileID: 6378046998599738899, guid: a307e43e5a92049f5ba09f455b7f44b0,
        type: 3}
      propertyPath: m_Pivot.y
      value: 0.5
      objectReference: {fileID: 0}
    - target: {fileID: 6378046998599738899, guid: a307e43e5a92049f5ba09f455b7f44b0,
        type: 3}
      propertyPath: m_RootOrder
      value: 2
      objectReference: {fileID: 0}
    - target: {fileID: 6378046998599738899, guid: a307e43e5a92049f5ba09f455b7f44b0,
        type: 3}
      propertyPath: m_AnchorMax.x
      value: 0
      objectReference: {fileID: 0}
    - target: {fileID: 6378046998599738899, guid: a307e43e5a92049f5ba09f455b7f44b0,
        type: 3}
      propertyPath: m_AnchorMax.y
      value: 0
      objectReference: {fileID: 0}
    - target: {fileID: 6378046998599738899, guid: a307e43e5a92049f5ba09f455b7f44b0,
        type: 3}
      propertyPath: m_AnchorMin.x
      value: 0
      objectReference: {fileID: 0}
    - target: {fileID: 6378046998599738899, guid: a307e43e5a92049f5ba09f455b7f44b0,
        type: 3}
      propertyPath: m_AnchorMin.y
      value: 0
      objectReference: {fileID: 0}
    - target: {fileID: 6378046998599738899, guid: a307e43e5a92049f5ba09f455b7f44b0,
        type: 3}
      propertyPath: m_SizeDelta.x
      value: 0
      objectReference: {fileID: 0}
    - target: {fileID: 6378046998599738899, guid: a307e43e5a92049f5ba09f455b7f44b0,
        type: 3}
      propertyPath: m_SizeDelta.y
      value: 40
      objectReference: {fileID: 0}
    - target: {fileID: 6378046998599738899, guid: a307e43e5a92049f5ba09f455b7f44b0,
        type: 3}
      propertyPath: m_LocalPosition.x
      value: 0
      objectReference: {fileID: 0}
    - target: {fileID: 6378046998599738899, guid: a307e43e5a92049f5ba09f455b7f44b0,
        type: 3}
      propertyPath: m_LocalPosition.y
      value: 0
      objectReference: {fileID: 0}
    - target: {fileID: 6378046998599738899, guid: a307e43e5a92049f5ba09f455b7f44b0,
        type: 3}
      propertyPath: m_LocalPosition.z
      value: 0
      objectReference: {fileID: 0}
    - target: {fileID: 6378046998599738899, guid: a307e43e5a92049f5ba09f455b7f44b0,
        type: 3}
      propertyPath: m_LocalRotation.w
      value: 1
      objectReference: {fileID: 0}
    - target: {fileID: 6378046998599738899, guid: a307e43e5a92049f5ba09f455b7f44b0,
        type: 3}
      propertyPath: m_LocalRotation.x
      value: 0
      objectReference: {fileID: 0}
    - target: {fileID: 6378046998599738899, guid: a307e43e5a92049f5ba09f455b7f44b0,
        type: 3}
      propertyPath: m_LocalRotation.y
      value: 0
      objectReference: {fileID: 0}
    - target: {fileID: 6378046998599738899, guid: a307e43e5a92049f5ba09f455b7f44b0,
        type: 3}
      propertyPath: m_LocalRotation.z
      value: 0
      objectReference: {fileID: 0}
    - target: {fileID: 6378046998599738899, guid: a307e43e5a92049f5ba09f455b7f44b0,
        type: 3}
      propertyPath: m_AnchoredPosition.x
      value: 0
      objectReference: {fileID: 0}
    - target: {fileID: 6378046998599738899, guid: a307e43e5a92049f5ba09f455b7f44b0,
        type: 3}
      propertyPath: m_AnchoredPosition.y
      value: 0
      objectReference: {fileID: 0}
    - target: {fileID: 6378046998599738899, guid: a307e43e5a92049f5ba09f455b7f44b0,
        type: 3}
      propertyPath: m_LocalEulerAnglesHint.x
      value: 0
      objectReference: {fileID: 0}
    - target: {fileID: 6378046998599738899, guid: a307e43e5a92049f5ba09f455b7f44b0,
        type: 3}
      propertyPath: m_LocalEulerAnglesHint.y
      value: 0
      objectReference: {fileID: 0}
    - target: {fileID: 6378046998599738899, guid: a307e43e5a92049f5ba09f455b7f44b0,
        type: 3}
      propertyPath: m_LocalEulerAnglesHint.z
      value: 0
      objectReference: {fileID: 0}
    - target: {fileID: 7197137631915119610, guid: a307e43e5a92049f5ba09f455b7f44b0,
        type: 3}
      propertyPath: m_text
      value: PPS
      objectReference: {fileID: 0}
    - target: {fileID: 7864540499775793671, guid: a307e43e5a92049f5ba09f455b7f44b0,
        type: 3}
      propertyPath: m_Name
      value: GameInfo_Item (2)
      objectReference: {fileID: 0}
    m_RemovedComponents: []
  m_SourcePrefab: {fileID: 100100000, guid: a307e43e5a92049f5ba09f455b7f44b0, type: 3}
--- !u!114 &6049865812571160443 stripped
MonoBehaviour:
  m_CorrespondingSourceObject: {fileID: 2052579103280887961, guid: a307e43e5a92049f5ba09f455b7f44b0,
    type: 3}
  m_PrefabInstance: {fileID: 5731192501065680866}
  m_PrefabAsset: {fileID: 0}
  m_GameObject: {fileID: 0}
  m_Enabled: 1
  m_EditorHideFlags: 0
  m_Script: {fileID: 11500000, guid: f4688fdb7df04437aeb418b961361dc5, type: 3}
  m_Name: 
  m_EditorClassIdentifier: 
--- !u!224 &1660164448493478385 stripped
RectTransform:
  m_CorrespondingSourceObject: {fileID: 6378046998599738899, guid: a307e43e5a92049f5ba09f455b7f44b0,
    type: 3}
  m_PrefabInstance: {fileID: 5731192501065680866}
  m_PrefabAsset: {fileID: 0}
--- !u!1001 &6141784152718895261
PrefabInstance:
  m_ObjectHideFlags: 0
  serializedVersion: 2
  m_Modification:
    m_TransformParent: {fileID: 6989620170182076292}
    m_Modifications:
    - target: {fileID: 3463431883259333616, guid: 23789e14e660c41a8aef40f77ed11dee,
        type: 3}
      propertyPath: m_RootOrder
      value: 3
      objectReference: {fileID: 0}
    - target: {fileID: 3463431883259333616, guid: 23789e14e660c41a8aef40f77ed11dee,
        type: 3}
      propertyPath: m_LocalScale.x
      value: 0.8
      objectReference: {fileID: 0}
    - target: {fileID: 3463431883259333616, guid: 23789e14e660c41a8aef40f77ed11dee,
        type: 3}
      propertyPath: m_LocalScale.y
      value: 0.8
      objectReference: {fileID: 0}
    - target: {fileID: 3463431883259333616, guid: 23789e14e660c41a8aef40f77ed11dee,
        type: 3}
      propertyPath: m_LocalScale.z
      value: 0.8
      objectReference: {fileID: 0}
    - target: {fileID: 3463431883259333616, guid: 23789e14e660c41a8aef40f77ed11dee,
        type: 3}
      propertyPath: m_LocalPosition.x
      value: 0
      objectReference: {fileID: 0}
    - target: {fileID: 3463431883259333616, guid: 23789e14e660c41a8aef40f77ed11dee,
        type: 3}
      propertyPath: m_LocalPosition.y
      value: -9
      objectReference: {fileID: 0}
    - target: {fileID: 3463431883259333616, guid: 23789e14e660c41a8aef40f77ed11dee,
        type: 3}
      propertyPath: m_LocalPosition.z
      value: 0
      objectReference: {fileID: 0}
    - target: {fileID: 3463431883259333616, guid: 23789e14e660c41a8aef40f77ed11dee,
        type: 3}
      propertyPath: m_LocalRotation.w
      value: 1
      objectReference: {fileID: 0}
    - target: {fileID: 3463431883259333616, guid: 23789e14e660c41a8aef40f77ed11dee,
        type: 3}
      propertyPath: m_LocalRotation.x
      value: -0
      objectReference: {fileID: 0}
    - target: {fileID: 3463431883259333616, guid: 23789e14e660c41a8aef40f77ed11dee,
        type: 3}
      propertyPath: m_LocalRotation.y
      value: -0
      objectReference: {fileID: 0}
    - target: {fileID: 3463431883259333616, guid: 23789e14e660c41a8aef40f77ed11dee,
        type: 3}
      propertyPath: m_LocalRotation.z
      value: -0
      objectReference: {fileID: 0}
    - target: {fileID: 3463431883259333616, guid: 23789e14e660c41a8aef40f77ed11dee,
        type: 3}
      propertyPath: m_LocalEulerAnglesHint.x
      value: 0
      objectReference: {fileID: 0}
    - target: {fileID: 3463431883259333616, guid: 23789e14e660c41a8aef40f77ed11dee,
        type: 3}
      propertyPath: m_LocalEulerAnglesHint.y
      value: 0
      objectReference: {fileID: 0}
    - target: {fileID: 3463431883259333616, guid: 23789e14e660c41a8aef40f77ed11dee,
        type: 3}
      propertyPath: m_LocalEulerAnglesHint.z
      value: 0
      objectReference: {fileID: 0}
    - target: {fileID: 3463431883259333622, guid: 23789e14e660c41a8aef40f77ed11dee,
        type: 3}
      propertyPath: m_Name
      value: Falling Piece (3)
      objectReference: {fileID: 0}
    m_RemovedComponents: []
  m_SourcePrefab: {fileID: 100100000, guid: 23789e14e660c41a8aef40f77ed11dee, type: 3}
--- !u!4 &7290365551510135661 stripped
Transform:
  m_CorrespondingSourceObject: {fileID: 3463431883259333616, guid: 23789e14e660c41a8aef40f77ed11dee,
    type: 3}
  m_PrefabInstance: {fileID: 6141784152718895261}
  m_PrefabAsset: {fileID: 0}
--- !u!114 &7290365551510135658 stripped
MonoBehaviour:
  m_CorrespondingSourceObject: {fileID: 3463431883259333623, guid: 23789e14e660c41a8aef40f77ed11dee,
    type: 3}
  m_PrefabInstance: {fileID: 6141784152718895261}
  m_PrefabAsset: {fileID: 0}
  m_GameObject: {fileID: 0}
  m_Enabled: 1
  m_EditorHideFlags: 0
  m_Script: {fileID: 11500000, guid: b90aa004c7bf40638d41f9f95cd218c7, type: 3}
  m_Name: 
  m_EditorClassIdentifier: 
--- !u!1001 &7365123335830450112
PrefabInstance:
  m_ObjectHideFlags: 0
  serializedVersion: 2
  m_Modification:
    m_TransformParent: {fileID: 6989620169925299840}
    m_Modifications:
    - target: {fileID: 3463431883259333616, guid: 23789e14e660c41a8aef40f77ed11dee,
        type: 3}
      propertyPath: m_RootOrder
      value: 2
      objectReference: {fileID: 0}
    - target: {fileID: 3463431883259333616, guid: 23789e14e660c41a8aef40f77ed11dee,
        type: 3}
      propertyPath: m_LocalScale.x
      value: 0.8
      objectReference: {fileID: 0}
    - target: {fileID: 3463431883259333616, guid: 23789e14e660c41a8aef40f77ed11dee,
        type: 3}
      propertyPath: m_LocalScale.y
      value: 0.8
      objectReference: {fileID: 0}
    - target: {fileID: 3463431883259333616, guid: 23789e14e660c41a8aef40f77ed11dee,
        type: 3}
      propertyPath: m_LocalScale.z
      value: 0.8
      objectReference: {fileID: 0}
    - target: {fileID: 3463431883259333616, guid: 23789e14e660c41a8aef40f77ed11dee,
        type: 3}
      propertyPath: m_LocalPosition.x
      value: -9.5
      objectReference: {fileID: 0}
    - target: {fileID: 3463431883259333616, guid: 23789e14e660c41a8aef40f77ed11dee,
        type: 3}
      propertyPath: m_LocalPosition.y
      value: 7
      objectReference: {fileID: 0}
    - target: {fileID: 3463431883259333616, guid: 23789e14e660c41a8aef40f77ed11dee,
        type: 3}
      propertyPath: m_LocalPosition.z
      value: 0
      objectReference: {fileID: 0}
    - target: {fileID: 3463431883259333616, guid: 23789e14e660c41a8aef40f77ed11dee,
        type: 3}
      propertyPath: m_LocalRotation.w
      value: 1
      objectReference: {fileID: 0}
    - target: {fileID: 3463431883259333616, guid: 23789e14e660c41a8aef40f77ed11dee,
        type: 3}
      propertyPath: m_LocalRotation.x
      value: 0
      objectReference: {fileID: 0}
    - target: {fileID: 3463431883259333616, guid: 23789e14e660c41a8aef40f77ed11dee,
        type: 3}
      propertyPath: m_LocalRotation.y
      value: 0
      objectReference: {fileID: 0}
    - target: {fileID: 3463431883259333616, guid: 23789e14e660c41a8aef40f77ed11dee,
        type: 3}
      propertyPath: m_LocalRotation.z
      value: 0
      objectReference: {fileID: 0}
    - target: {fileID: 3463431883259333616, guid: 23789e14e660c41a8aef40f77ed11dee,
        type: 3}
      propertyPath: m_LocalEulerAnglesHint.x
      value: 0
      objectReference: {fileID: 0}
    - target: {fileID: 3463431883259333616, guid: 23789e14e660c41a8aef40f77ed11dee,
        type: 3}
      propertyPath: m_LocalEulerAnglesHint.y
      value: 0
      objectReference: {fileID: 0}
    - target: {fileID: 3463431883259333616, guid: 23789e14e660c41a8aef40f77ed11dee,
        type: 3}
      propertyPath: m_LocalEulerAnglesHint.z
      value: 0
      objectReference: {fileID: 0}
    - target: {fileID: 3463431883259333622, guid: 23789e14e660c41a8aef40f77ed11dee,
        type: 3}
      propertyPath: m_Name
      value: Hold
      objectReference: {fileID: 0}
    - target: {fileID: 3463431883259333622, guid: 23789e14e660c41a8aef40f77ed11dee,
        type: 3}
      propertyPath: m_IsActive
      value: 0
      objectReference: {fileID: 0}
    m_RemovedComponents: []
  m_SourcePrefab: {fileID: 100100000, guid: 23789e14e660c41a8aef40f77ed11dee, type: 3}
--- !u!4 &6207851809414997040 stripped
Transform:
  m_CorrespondingSourceObject: {fileID: 3463431883259333616, guid: 23789e14e660c41a8aef40f77ed11dee,
    type: 3}
  m_PrefabInstance: {fileID: 7365123335830450112}
  m_PrefabAsset: {fileID: 0}
--- !u!114 &6207851809414997047 stripped
MonoBehaviour:
  m_CorrespondingSourceObject: {fileID: 3463431883259333623, guid: 23789e14e660c41a8aef40f77ed11dee,
    type: 3}
  m_PrefabInstance: {fileID: 7365123335830450112}
  m_PrefabAsset: {fileID: 0}
  m_GameObject: {fileID: 0}
  m_Enabled: 1
  m_EditorHideFlags: 0
  m_Script: {fileID: 11500000, guid: b90aa004c7bf40638d41f9f95cd218c7, type: 3}
  m_Name: 
  m_EditorClassIdentifier: 
